2967 4867
236 410 304 493 boz
594 435 627 484 c.
648 428 829 484 conunnrr
851 416 979 501 rietur
1179 414 1344 499 [durni.

237 606 241 613 ·
278 583 335 649 29.
358 576 445 646 Libo
468 576 610 658 interim,
628 582 719 644 reste
742 576 897 657 mututn,i
920 596 996 641 curn
1008 572 1222 658 primoribus‘
1235 574 1346 641 smmis

234 687 289 754 nie
304 683 476 750 circumire
491 680 619 760 domos,
635 701 727 747 orare
749 680 876 759 affines,
892 698 1007 745 vocem
1023 677 1199 742 adversum
1211 677 1347 761 pericu-

234 785 284 854 lud
297 805 460 873 poscere;
491 783 709 848 abnuentibus
732 782 890 859 cunctis:
912 799 990 845 curn
1007 779 1140 845 diversa
1158 776 1347 862 praetende·

271 908 1347 1021 manamauommmmeuuurdodeepummpem

234 1015 803 1143 mmmm&
811 1010 1051 1138 winwed}
1063 1006 1349 1140 mmm

393 1116 409 1153 ,p
787 1109 795 1126 .

730 1205 842 1257 NOTAE

234 1328 310 1376 astra
323 1320 440 1375 ordinem
456 1321 546 1373 vocari
556 1322 679 1383 Senatus,
689 1319 769 1372 etiarn
808 1319 971 1383 movendam,
981 1318 1060 1369 elaris
1070 1318 1128 1383 ejus
1139 1315 1245 1367 familie
1262 1315 1347 1369 tremi·

232 1399 302 1452 sesto
311 1399 354 1450 dia
364 1405 527 1461 occurrente,
536 1405 564 1449 et
570 1397 627 1447 fleri
631 1397 777 1465 juditium,
808 1394 859 1460 nis,
869 1395 1021 1461 propinquis
1031 1395 1093 1458 sais,
1107 1393 1195 1444 domos
1204 1393 1346 1444 illustrium

232 1490 362 1542 peneque
382 1474 490 1525 decerni
508 1474 632 1524 advenas
650 1487 708 1525 reos
723 1488 769 1523 ex·
808 1472 972 1534 circumibat,
1000 1470 1159 1537 propinquos
1188 1484 1294 1534 rogans,
1314 1477 1347 1521 ut

233 1551 333 1614 tempio
352 1548 457 1610 debuit;
487 1549 555 1613 quia,
573 1563 677 1613 nempe,
698 1549 768 1598 caius
808 1548 858 1612 ipsi
881 1547 1011 1610 adessent,
1024 1552 1056 1596 et
1074 1559 1178 1595 eausam
1196 1559 1270 1595 snam
1284 1560 1346 1612 age·

234 1624 348 1691 Reipub.
359 1625 428 1676 sains
438 1622 565 1689 principis
574 1623 708 1689 agebatur.
724 1624 769 1674 Sic
809 1628 877 1687 rant,
893 1623 963 1688 quod
974 1623 1007 1673 ab
1016 1620 1134 1672 omnibus
1153 1623 1253 1686 pariter
1263 1637 1346 1688 negr-

234 1708 263 1753 et
273 1708 364 1752 vetere
375 1700 478 1765 Repub.
496 1708 649 1763 usurpatum
659 1717 666 1761 3
693 1699 730 1749 sic
740 1706 769 1750 et
809 1704 864 1749 tum
876 1706 933 1749 est:
951 1699 1044 1749 eodern
1056 1713 1145 1748 omnes
1156 1704 1227 1748 metu
1239 1701 1346 1763 percui-

230 1777 507 1828 dmenisdecreverzn
523 1778 613 1827 Soiont
631 1782 768 1826 novatores
808 1776 838 1839 si,
847 1791 883 1826 ne
891 1790 989 1840 nempe
1007 1772 1171 1826 offenderent
1187 1775 1346 1842 principem,

231 1851 321 1904 statim
341 1852 466 1914 damnari,
484 1851 574 1901 atatim
589 1852 694 1915 puniri;
718 1850 768 1901 niti
809 1853 927 1921 quamvis
938 1854 1003 1903 eiius
1016 1853 1086 1902 aiiud
1098 1861 1244 1904 excusaret.

230 1930 299 1980 enim
314 1930 382 1979 mala
401 1927 639 1992 inRempubiicant
655 1926 765 1978 comitia
840 1930 952 1983 ‘Vocem
981 1932 1103 1980 odonam
1130 1928 1249 1993 perinte]
1282 1926 1347 1981 Fuit

229 2004 284 2056 cito
313 2010 483 2070 occupentur,
514 2010 764 2069 prerertenturque,
808 2005 1232 2072 etiamqniinteliexit,utcnmiu
1245 2004 1346 2056 Senatu

226 2081 283 2145 jam
294 2096 379 2147 neque
397 2082 572 2147 magistratus,
587 2094 673 2145 neque
692 2081 765 2145 iege·
808 2085 965 2136 sententiam
976 2084 1096 2135 dicerent
1113 2089 1214 2150 patres,
1225 2083 1306 2147 ipsius
1317 2085 1347 2134 in

230 2159 363 2210 valebunt.
808 2161 923 2212 savorem
955 2161 1132 2226 loquerentur,
1160 2157 1346 2226 quodfalsum

263 2233 473 2297 wenemaro]
488 2233 767 2298 Cnitnssnppiieisbic
807 2244 889 2302 putor
919 2251 979 2287 nam
1001 2235 1135 2301 sequeutia
1163 2234 1226 2285 satis
1239 2241 1346 2300 'aperta

230 2315 280 2373 eat,
290 2309 603 2377 quaiisiib.xrrrr.Livii,
615 2309 658 2359 ubi
670 2309 767 2373 priuci-
806 2313 954 2377 declarant,
973 2311 1095 2377 quaesitos
1115 2309 1248 2360 abibone
1265 2310 1345 2360 adro·

230 2400 279 2451 pes
288 2386 404 2436 civitatis
416 2387 442 2435 iu
453 2391 596 2450 conspectu
603 2384 693 2448 popuii
704 2389 711 2414 ‘
721 2399 765 2434 sn·
806 2395 888 2452 catos,
904 2402 935 2438 ac
954 2395 1089 2452 patronos,
1106 2388 1149 2452 qui
1159 2400 1214 2437 occe
1224 2386 1240 2437 i.
1252 2401 1277 2437 e.
1288 2398 1346 2437 orn·

229 2461 298 2511 nutis
306 2461 389 2510 aureis
401 2462 491 2525 positis
503 2467 603 2511 restem
614 2461 765 2525 mnunmt’
807 2465 887 2525 tione,
897 2477 998 2514 causam
1006 2465 1061 2527 ejus
1070 2461 1251 2525 defenderent,
1262 2463 1345 2514 inter·

229 2544 262 2589 ut
289 2536 421 2602 supplices
453 2536 556 2601 piebem
586 2536 765 2587 circumirent.
807 2539 964 2590 cederentve
975 2553 1023 2604 pro
1031 2553 1073 2602 eo,
1084 2554 1115 2588 ac
1126 2538 1344 2603 deprecarentur.

229 2612 450 2663 Mutaturastem
461 2611 542 2661 restis
553 2609 664 2661 eandida
680 2611 707 2661 iu
723 2612 767 2662 ob·
807 2615 867 2665 Hoc
889 2629 963 2665 seusu
978 2628 1031 2664 uox
1049 2614 1119 2678 apud
1131 2614 1282 2664 Ciceronem
1294 2630 1344 2680 pro

230 2688 342 2739 aoietsm
364 2695 393 2737 et
412 2686 552 2738 sordidam.
596 2686 690 2752 Neque
710 2689 766 2738 siue
806 2692 839 2741 Ρ.
851 2692 960 2741 Sextio:
986 2690 1145 2740 ‘conciones
1156 2689 1245 2739 baberi
1256 2691 1344 2755 quoti·

228 2778 306 2814 causa
328 2769 430 2813 restem
448 2763 579 2812 sordidam
605 2763 632 2811 iu
661 2763 766 2827 publico
807 2767 851 2817 die
862 2773 956 2817 contra
965 2780 1017 2828 me,
1034 2780 1126 2816 vocem
1137 2780 1185 2830 pro
1196 2776 1238 2817 ute
1249 2766 1344 2817 selte-

227 2843 496 2907 &perempturum
507 2841 662 2892 submittere
673 2842 765 2893 licuit:
806 2842 911 2908 publiea
922 2843 1050 2893 neminem
1062 2842 1183 2893 mittere?
1200 2843 1310 2894 tinem.

229 2919 326 2984 quade
338 2934 365 2968 re
376 2917 496 2967 Vennioii
506 2917 631 2980 scriptum
644 2925 764 2982 superest
842 2918 936 2983 Vocem]
960 2918 1031 2969 Puto
1042 2933 1126 2982 posse
1146 2918 1282 2969 indefinite
1304 2918 1344 2969 iu·

228 3007 264 3043 en
273 2994 321 3043 iib.
331 3008 367 3043 ιι.
379 2992 544 3058 publicorum
556 2993 591 3044 D.
603 2992 637 3041 de
648 2993 762 3057 injuriis:
804 2993 897 3057 teiiigi,
919 2993 1026 3058 petiisse
1045 3010 1123 3045 nocem
1143 2996 1296 3058 amicorum,
1312 2998 1343 3048 et

227 3078 256 3122 et
266 3064 401 3123 censorum
411 3071 481 3135 oiim,
490 3076 517 3120 et
528 3070 561 3121 de
570 3083 599 3120 re
611 3072 727 3135 cognitio
735 3078 764 3123 et
804 3068 918 3120 affinium
930 3069 962 3119 ad
973 3070 1069 3120 amicos
1078 3070 1214 3136 principis,
1224 3070 1258 3121 ad
1270 3071 1342 3136 prin-

226 3149 354 3201 sereritas
375 3148 401 3197 in
421 3148 461 3199 bi.
483 3145 585 3198 livium
601 3153 675 3197 extat
692 3148 764 3212 apud
803 3148 888 3212 cipem
900 3147 995 3211 ipsum,
1003 3147 1036 3196 ad
1048 3154 1136 3210 patres
1144 3148 1169 3196 in
1181 3148 1294 3198 Senatu:
1311 3154 1342 3199 et

226 3223 281 3276 Tit.
293 3227 409 3277 ιιιιιιι,
804 3238 895 3275 revere
911 3224 1044 3277 Quirinius
1063 3221 1146 3274 affinis
1166 3224 1222 3275 adit
1244 3223 1342 3289 princi}

230 3308 233 3317 “
263 3299 688 3364 ΥαιωιιαιῆἱῦοΜίδαιιΛ.
709 3299 762 3350 ‘In
803 3312 862 3364 pem
885 3315 933 3364 pro
956 3299 1055 3350 Libone
1077 3299 1276 3365 deprecaturus,
1297 3300 1341 3353 cui

224 3377 309 3440 libris,
320 3391 384 3442 qnos
395 3377 428 3426 de
439 3378 491 3426 vito
502 3378 534 3428 1².
551 3376 678 3441 Scipionis
695 3374 764 3426 Afri·
803 3389 954 3440 responsum
963 3382 1014 3438 est,
1024 3375 1201 3427 ut‘Senatunr
1211 3378 1340 3442 regerere

226 3452 285 3501 cani
307 3452 465 3516 compositos
497 3451 616 3515 legimus,
637 3450 763 3515 seriptum
804 3452 895 3516 quidni
916 3458 945 3502 et
966 3453 1044 3516 petiit
1063 3467 1155 3504 rocem
1176 3452 1290 3505 affinium
1312 3460 1341 3506 et

226 3540 284 3580 asse
315 3529 553 3593 animadvertimus,
583 3528 615 3579 P.
644 3528 762 3593 Scipioni
803 3528 1341 3592 amicornminSenatu,utmosciirnt‘nit

226 3607 302 3657 Pauii
320 3605 385 3665 titio,
405 3611 544 3671 postquam
563 3604 597 3655 de
613 3602 705 3657 Poenis
715 3605 762 3654 tri·
801 3603 898 3654 babere
917 3609 1040 3667 patronos
1059 3612 1087 3654 et
1107 3605 1292 3669 deprecatores
1311 3607 1341 3657 it·

225 3683 562 3748 umpbsneraui'aensorqne
571 3681 667 3744 fuerat,
677 3681 762 3731 eidem
802 3678 907 3742 inatres,
929 3679 1010 3730 ueluti
1033 3687 1115 3731 testes
1137 3681 1288 3747 probitatis,
1311 3691 1341 3734 et

224 3759 295 3810 dien
306 3756 405 3809 dietum
414 3772 472 3808 ease
480 3758 512 3807 ad
525 3758 647 3822 populum
659 3773 674 3806 a
686 3757 762 3807 Ciau·
803 3754 870 3805 beue
883 3762 1011 3806 anteactae
1025 3758 1106 3808 vitre?
1133 3758 1178 3824 qui
1199 3759 1294 3810 diversi
1306 3760 1341 3812 ab

175 3832 179 3839 '
225 3836 270 3886 dio
286 3835 384 3889 annio
393 3834 464 3885 Trib.
473 3834 549 3885 Pieb.
569 3834 611 3883 cui
622 3848 716 3899 equum
735 3834 762 3883 in
802 3833 957 3895 oratoribus,
968 3833 1014 3897 qui
1025 3834 1064 3882 rei
1073 3834 1181 3884 salntem
1194 3842 1222 3885 et
1233 3848 1340 3888 cauum

226 3927 337 3963 ceusma
350 3912 492 3974 ademerat,
512 3923 631 3975 eumque,
649 3924 711 3959 cum
722 3923 763 3959 es·
803 3908 1003 3973 propugnabant
1011 3909 1128 3959 oratione
1136 3911 1276 3961 contiuua:
1292 3910 1340 3977 pe-'

226 3997 268 4040 sat
280 4004 348 4053 reue,
358 4002 444 4053 neque
456 3988 561 4038 barbam
573 3986 680 4036 desiisse
693 3986 763 4051 redi,
803 3985 848 4035 tiit
864 3992 893 4035 et
907 4000 987 4035 uocem
1004 3999 1056 4050 qna
1071 3985 1145 4035 ilium
1165 3984 1341 4041 defenderent

224 4080 312 4130 neque
328 4079 380 4115 uon
394 4064 507 4114 candida
523 4070 597 4114 vesta
614 4063 662 4126 uti,
676 4076 761 4129 nequa
802 4066 833 4110 ut
843 4060 956 4124 patroni,
975 4060 1054 4109 etiam
1070 4073 1122 4124 qua
1137 4059 1221 4125 ipsum
1233 4067 1341 4115 tueren.

224 4140 303 4199 fuisse
315 4142 388 4191 cuitu
399 4140 476 4195 solito
488 4138 607 4190 reorum!
802 4144 845 4187 tur
855 4137 1169 4201 putrescumsententiam
1178 4149 1340 4204 promerent,

254 4220 269 4257 ι
281 4216 340 4273 Cum
349 4214 502 4280 prirnoribus]
524 4213 715 4265 Comitsntibus
726 4215 760 4265 nd
836 4214 898 4263 Cum
906 4211 968 4262 Lito
983 4212 1034 4262 siue
1042 4217 1143 4277 petroso
1156 4212 1289 4280 tantun,
1300 4216 1342 4267 in·

225 4289 485 4354 commendationem,
506 4290 760 4357 misericordiamque
800 4293 872 4339 stsut
889 4295 1047 4356 certantque
1065 4288 1179 4343 inritent
1196 4290 1341 4360 deirmres,
