2967 4867
543 395 788 446 rusuruoutt.
1167 373 1210 447 19

517 538 660 618 ,Ιᾶωιίιι
673 537 804 606 Tacito.

161 676 289 742 ‘Corn
327 675 485 742 Tacitum
514 676 709 757 scriptorem
734 673 881 740 historiae
910 671 1085 756 Auguste,
1118 675 1209 760 quod

121 786 280 863 mentem
309 795 407 842 suum
435 776 572 844 eundem
599 775 737 853 diceret,
760 776 795 838 iu
825 774 977 840 omnibus
997 774 1206 842 bibliothecis

122 881 271 946 collocari
291 878 420 965 jussit*
548 881 556 887 ”
1149 925 1152 930 .

314 1046 472 1110 sucum
491 1043 600 1130 upra
623 1046 646 1110 1.
673 1023 727 1111 iv.»
749 1045 796 1111 aa
820 1042 1015 1110 rotomum.

158 1184 169 1213 ‘
190 1178 295 1244 Caius
308 1178 448 1243 Tacitus
462 1197 482 1241 e
494 1178 676 1262 majoribus
690 1195 776 1242 unus
789 1177 867 1254 tuis,
894 1174 1114 1260 Ulpianorum
1128 1178 1209 1240 iem-

120 1300 233 1365 porum
244 1280 440 1357 consularis,
466 1280 529 1343 sub
542 1280 649 1350 verbis
664 1276 836 1368 cujusdam
851 1276 1039 1343 Germanici
1053 1275 1160 1355 ducis,
1175 1276 1209 1340 in

120 1381 250 1446 historia
264 1400 326 1445 sua
342 1379 475 1458 retulit:
485 1382 545 1446 &a

333 1547 427 1612 Idem
441 1547 478 1613 io
489 1545 697 1631 Panegyrico
715 1546 760 1611 ad
773 1544 993 1612 Andremium.

161 1687 171 1716 ‘
193 1679 305 1762 Quam
320 1681 460 1768 Crispus
474 1684 635 1748 brevitate
646 1682 768 1766 placet,
789 1702 857 1766 qno
871 1681 1016 1766 pondere
1032 1679 1152 1760 Varro,

163 1783 239 1863 Quo
253 1784 354 1867 genio
363 1783 519 1864 Plautus,
528 1803 595 1869 quo
607 1784 741 1849 flumine
753 1782 998 1867 Quintilianus3

160 1884 239 1965 Qun
259 1903 388 1976 pompa
399 1882 549 1964 Tacitus,
562 1904 728 1969 nunquam
750 1886 821 1949 sinc
839 1885 940 1950 laude
954 1885 1154 1968 loquendus!

502 2048 595 2116 ruem
608 1999 643 2116 in
654 2049 825 2134 spasmo

244 2183 310 2249 ‘Et
322 2189 367 2262 te,
382 2183 441 2267 qui
455 2183 624 2259 bmvitate,
640 2179 773 2266 Crispe,
788 2181 910 2266 polles,

247 2286 289 2351 Et
302 2285 371 2371 qui,
388 2303 449 2370 pro
462 2284 591 2368 ingenio
604 2283 734 2362 fluente,
749 2285 842 2365 nulli,

246 2387 380 2454 Corneli
395 2387 527 2465 Tacite,
540 2405 578 2452 cs
599 2387 757 2453 tacendus
772 2387 849 2455 cre!

173 2552 240 2619 Illa
253 2550 451 2631 Quacum
466 2553 526 2620 lib.
548 2568 587 2617 x.
603 2552 743 2618 sortasse
757 2555 800 2620 ad
815 2553 968 2624 Tacitum
980 2554 1170 2621 reserantur.

160 2692 171 2720 ‘
192 2686 348 2770 Superest
368 2685 487 2762 adhuc,
522 2695 556 2753 et
586 2693 736 2776 exornat·
750 2689 860 2754 aetatis
888 2687 958 2753 s'uae
984 2687 1132 2770 gloriam,
1159 2693 1210 2754 vir

120 2789 313 2854 sucularum
339 2791 499 2853 memoria
520 2790 656 2874 diguus:
682 2792 739 2875 qui
767 2791 846 2855 olim
869 2790 1099 2866 nominabitur,
1118 2808 1207 2853 nnnc

120 2889 314 2973 intelligitur.
360 2888 475 2955 Habet
503 2898 678 2971 amatores,
700 2911 761 2957 nec
788 2891 971 2968 immerit03
1000 2897 1038 2956 ut
1053 2891 1209 2969 libertas,

119 3008 304 3076 uunquam
322 2989 528 3058 circumcisis
545 3011 621 3077 quae
637 2993 788 3069 dixisset,
814 2993 846 3056 ei
871 2994 1035 3058 nocuerit:
1062 2993 1121 3057 sed
1141 2993 1208 3058 ela·

118 3100 184 3157 tum
205 3091 337 3157 somus
361 3092 527 3175 spiritum,
551 3100 584 3157 et
606 3091 750 3157 audaces
775 3093 951 3157 sententias
977 3092 1210 3179 deprehendas,

118 3194 215 3259 etiam
232 3197 267 3257 in
283 3195 325 3258 iis
344 3213 420 3277 qum
434 3192 588 3257 manent.'

156 3293 240 3360 Ideo
258 3295 447 3377 ambigitur,
464 3297 544 3377 quia
561 3296 634 3359 ltaeo
656 3295 735 3360 vivo
751 3294 941 3360 Domitiano
961 3295 1087 3360 Fabius
1103 3293 1208 3377 scrip·

116 3397 350 3464 a'saevidctur.
393 3393 500 3478 Atqui
513 3405 623 3461 noster
642 3404 728 3475 tunc,
752 3402 788 3460 ut
806 3396 982 3460 verisimile
995 3401 1056 3474 est,
1074 3395 1122 3459 nil
1136 3397 1208 3460 vul·

115 3502 259 3584 guverat.
304 3495 381 3562 Nec
404 3502 532 3562 constat
554 3498 735 3564 libertatem
762 3498 915 3562 nocuisse
933 3496 1062 3577 Tacito,
1078 3502 1135 3561 aut
1150 3496 1210 3560 alt:

114 3599 229 3686 quide
247 3598 382 3683 scriptis
397 3599 650 3664 circumcidisse.
1012 3583 1016 3594 “
