2967 4867
233 399 257 478 6
679 411 887 464 rasrarro.

233 566 385 643 tempora
399 559 534 643 elapsus
552 563 613 623 est.
655 557 898 641 Vespasianus,
921 573 1031 618 rernm
1053 555 1190 637 potitus,
1218 545 1337 639 pa'cem

234 679 411 742 moresque
426 661 553 740 intulit3
574 667 608 724 et
622 661 706 725 inter
720 667 829 724 cetera
837 658 966 739 imperii
980 658 1101 733 munia,
1112 657 1223 720 literas
1235 661 1339 720 artos-

233 782 299 848 que
323 765 509 846 amplexus,
533 783 592 827 eas
617 761 825 846 providentia
844 767 879 825 et
899 761 1100 823 iiberalitate
1124 758 1250 823 refovit.
1296 759 1340 822 In

232 864 296 928 bac
318 865 520 929 renascentis
544 862 647 928 Urbis
672 863 918 946 tranquillitate,
934 860 1073 925 Tacitus
1092 880 1227 943 operam
1246 859 1339 924 dedit

233 964 442 1049 eloquentiae,
468 966 564 1049 cujas
579 970 616 1028 ut
634 966 718 1028 inter
731 971 914 1046 tempomm
938 963 1044 1026 tristia
1066 963 1108 1026 ad
1130 963 1339 1045 praesidium,

233 1066 284 1130 sio
299 1067 383 1130 inter
404 1067 483 1131 laeta
505 1065 549 1130 ad
574 1065 689 1142 decus,
704 1067 756 1128 vis
779 1064 929 1147 plurima.
973 1063 1105 1128 Gnarus
1128 1070 1239 1127 autem
1262 1081 1339 1128 ora·

232 1173 336 1233 torem
353 1169 471 1232 melias
485 1168 661 1253 exemplis,
671 1187 771 1252 quam
785 1169 980 1250 praeceptis,
995 1168 1131 1244 institui,
1149 1166 1198 1230 Μ.
1208 1165 1339 1250 Aprum

234 1273 268 1333 et
280 1268 406 1333 Julinm
420 1270 621 1347 Secundum,
644 1270 855 1334 celeberrima
869 1275 936 1333 tum
951 1269 1016 1334 sori
1035 1271 1176 1352 ingenia,
1199 1267 1288 1333 domi
1303 1277 1339 1334 et
1423 1327 1431 1337 .

233 1370 269 1433 iu
282 1373 418 1455 publico
433 1372 621 1438 adsectatus
636 1372 713 1437 est.d

278 1471 335 1536 Ad
356 1473 417 1538 bas
432 1475 614 1539 studiorum
629 1494 729 1539 curas
739 1491 820 1536 sane
835 1492 1005 1537 accessere
1019 1473 1199 1537 castrensia
1214 1475 1340 1558 stipen-

237 1572 304 1640 dia.
348 1574 389 1640 Id
404 1578 490 1639 enim
505 1569 597 1660 apud
609 1575 784 1641 Romanos
795 1576 918 1661 optime
931 1577 1124 1652 institutum,
1141 1581 1180 1639 ut
1191 1576 1338 1659 juvenis,

234 1675 338 1741 literis
351 1677 507 1754 imbutus,
531 1697 626 1742 suam
641 1678 812 1743 incastris
833 1678 1028 1743 industriam
1050 1680 1264 1762 approbaret:
1288 1680 1340 1744 sic

235 1775 321 1840 ciris
335 1796 431 1858 unus,
445 1780 505 1844 vix
522 1782 728 1866 juventutem
752 1782 929 1864 ingressus,
949 1778 1121 1844 adomnia
1143 1780 1338 1864 reipublicae

234 1879 348 1944 munia
366 1881 614 1964 accingebatur.
658 1881 812 1959 Tacitus,
826 1883 869 1946 iis
883 1886 1019 1965 paratus
1031 1881 1210 1961 exercitiis,
1232 1902 1340 1966 eaque

235 1984 344 2057 aetate,
362 2001 430 2064 qua
447 1981 490 2046 ad
511 1984 650 2048 bonores
665 1985 804 2067 patebat
826 1982 946 2060 aditus,
961 1981 1208 2066 Vespasianum
1222 1984 1340 2048 inobo-

239 2085 306 2146 atee
320 2100 392 2149 snae
405 2083 571 2168 dignitatis
591 2091 758 2151 auctorem
780 2084 920 2150 babuit.⁸
960 2083 1095 2162 iuveni,
1115 2085 1174 2167 qui
1194 2087 1229 2149 in
1247 2106 1341 2169 egre·
1399 2129 1403 2134 ,

237 2183 325 2265 giam
340 2205 434 2268 spem
447 2186 671 2265 adolescebat,
685 2185 789 2251 filiam
800 2207 894 2251 suam
906 2187 1083 2270 despondit
1092 2184 1215 2252 Cneius
1226 2188 1340 2253 Julius

234 2281 407 2366 Agricola,
430 2291 544 2355 consul
558 2308 644 2353 anno
659 2289 764 2353 Urbis
779 2288 931 2353 Conditus
946 2288 1022 2353 830.
1038 2307 1078 2352 ac
1098 2294 1175 2373 post
1185 2290 1340 2354 consula·

238 2390 309 2449 turn
323 2387 522 2456 collocarit!
550 2391 665 2456 Soceri
681 2391 784 2456 decus
798 2410 916 2474 genero
925 2410 1049 2455 novum
1059 2387 1122 2456 tuit
1132 2391 1340 2458 claritudinis

239 2485 483 2574 adjrrmentum3
504 2492 643 2576 ejusque
657 2493 849 2575 dignitatem
863 2493 960 2558 auxit
972 2492 1096 2559 Titus.8

279 2586 415 2657 Interim
437 2595 518 2660 nibil
539 2594 581 2658 de
603 2594 723 2660 studiis
739 2614 761 2659 a
773 2594 894 2659 Tacito
914 2595 1105 2662 remissum:
1128 2597 1229 2661 immo
1243 2599 1279 2661 in
1297 2618 1340 2665 ea

239 2693 331 2758 tauto
344 2698 455 2762 acrius
469 2697 645 2775 ferebatur,
657 2697 747 2780 quod
761 2712 798 2761 se
808 2697 851 2761 ad
862 2717 993 2763 summa
1005 2699 1148 2781 genitum
1162 2702 1342 2782 persentis·

238 2802 341 2876 cerat,
355 2802 397 2863 et*
407 2800 441 2862 in
455 2799 527 2866 ioro
542 2818 697 2882 magnum
715 2818 834 2864 nomen
849 2799 1005 2865 audentia
1017 2804 1051 2863 et
1062 2801 1187 2884 impeto
1207 2802 1339 2883 cerbus,

235 2918 338 2983 qoam
351 2900 448 2967 lentis
462 2900 675 2986 operosisque
688 2900 926 2979 moliminibus,
940 2901 1077 2984 praeripi
1091 2903 1272 2985 cugr'taretx
1297 2903 1339 2968 Iu

235 2996 327 3064 Urbe
340 3002 468 3084 pridem
482 3003 668 3067 invaluerat
689 3000 843 3085 quaedam
865 3002 1071 3085 ingeniorum
1091 3004 1265 3070 mollities:
1287 3004 1339 3069 so·

233 3118 307 3166 rum
321 3121 464 3188 quoque,
489 3102 677 3187 praevalida
699 3101 897 3186 Principum
919 3105 1117 3170 auctoritate
1139 3106 1292 3185 fractum,
1317 3123 1340 3172 a
1366 3097 1369 3102 ’

233 3204 355 3276 veteris
368 3205 567 3289 eloquentiae
590 3204 751 3288 gravitate
777 3203 821 3268 ad
844 3204 957 3270 diserti
977 3208 1138 3272 sermonis
1159 3209 1339 3291 elegantias

234 3303 423 3371 deflexerat.
466 3306 616 3384 Tacitus,
631 3310 668 3370 ut
680 3305 949 3389 praecellentibus
962 3307 1102 3391 ingeniis
1118 3308 1265 3388 solitum,
1279 3309 1340 3376 no*-

234 3423 314 3472 ram
326 3408 401 3472 iniit
413 3408 522 3474 riam:
544 3427 606 3474 neo
620 3412 818 3492 aspernatus
832 3409 990 3493 temporis
1013 3412 1067 3475 sui
1088 3415 1253 3490 ornatum,
1278 3412 1339 3478 sed

237 3507 328 3592 qood
350 3509 440 3594 apud
461 3510 614 3597 antiquos
636 3509 745 3575 fuerat
765 3512 931 3594 egregium
954 3514 1142 3592 amulonis,
1167 3514 1339 3598 splendore

238 3612 424 3691 verborum,
435 3613 667 3678 sententiarum
679 3612 835 3697 pondere,¹
850 3620 883 3679 et
894 3614 997 3680 totius
1010 3617 1167 3682 orationis
1181 3615 1339 3699 dignitate

175 3803 178 3808 ,
234 3713 323 3780 banc
344 3715 409 3780 sibi
431 3717 563 3799 pararit
576 3713 710 3782 dicendi
723 3716 805 3795 rim,
821 3722 865 3781 ¹ot
878 3736 918 3781 ea
933 3722 1044 3795 aetate,
1064 3737 1131 3802 qua
1143 3717 1339 3786 disertorum

235 3815 379 3883 virorum
391 3816 467 3883 laus
479 3818 624 3901 vigebat,
640 3819 725 3902 ipse,
738 3824 777 3885 ut
789 3819 1090 3904 eloquentissimus,
1105 3820 1338 3890 celebraretur:

736 4025 842 4080 NOTAE

267 4191 663 4251 41ιἰιιι.1)ῑι1.ιιιοιιι.ο.ι.
839 4196 942 4251 'Tacit
953 4198 1009 4249 Vrt.
1022 4194 1111 4263 Agris.
1122 4211 1145 4247 e.
1157 4201 1182 4246 9.

267 4269 373 4332 fTrcit·
386 4270 456 4324 Hirr.
468 4285 489 4326 ι.
500 4277 523 4326 l.
838 4286 850 4322 ι
862 4276 948 4329 Tacit.
960 4275 1031 4327 libr.
1044 4289 1063 4327 r.
1075 4278 1100 4324 l.
