2967 4867
129 379 156 432 r.
168 381 201 431 c.
213 377 267 442 ru]
500 374 717 456 suusuruu’
732 377 806 427 uin.
828 375 870 428 11.
1170 366 1236 435 439

110 547 112 550 ·
130 520 225 597 tum,'
240 517 432 598 emebatur,
449 521 655 604 ‘provincie
670 540 772 604 quum
785 520 815 586 is
829 519 992 601 dedisset,
1006 523 1122 604 moeri,
1136 544 1239 594 noua

130 623 319 705 legionibus
327 620 454 708 (eurum
465 624 592 707 quippe
607 624 718 688 accitu
731 620 935 707 venire),sed
950 644 972 689 u
985 625 1111 704 Sentio,
1125 629 1237 711 priva·

131 731 201 789 tum
226 724 341 788 odium
364 722 457 788 iulsis
478 724 671 790 criminibus
695 730 841 809 tegente:
864 730 1080 793 consisterent
1093 731 1238 808 iuucie,p

130 846 198 891 nou
222 826 418 911 pugnaturis
430 826 602 905 militibus,
624 828 683 893 ubi
711 827 881 906 Pisonem,
903 830 946 893 ab
971 829 1056 912 ipsis
1077 842 1236 914 parentem

131 927 302 1011 quondum
323 927 539 1014 appellatum,
565 929 596 994 si
616 930 689 1014 jure
713 934 874 1011 ageretur,
887 932 1058 1013 potiorem,
1076 932 1105 995 si
1122 933 1235 1011 armis,

130 1046 196 1092 uon
220 1029 403 1095 invalidum
433 1028 614 1096 vidissent!
657 1029 745 1094 Tum
770 1050 830 1112 pro
857 1032 1079 1096 munimentisi
1107 1034 1235 1100 castelli

130 1129 324 1212 manipulos
354 1132 518 1214 explicat,
538 1130 624 1196 colle
646 1130 749 1196 urduo
772 1135 806 1194 et
828 1130 992 1214 derupto;
1024 1150 1100 1196 num
1126 1138 1237 1201 cetere

130 1231 217 1295 mari
240 1233 419 1315 cinguntur.
479 1231 602 1298 Corbu
631 1232 790 1310 veterani,
816 1233 986 1298 ordinibus
1010 1252 1051 1298 uc
1075 1233 1236 1301 subsidiis

130 1331 302 1399 instructi:
333 1335 410 1400 bino
435 1335 585 1413 militum,
608 1334 684 1400 inde
709 1335 858 1399 locorum
882 1333 1064 1419 asperitus:
1088 1335 1148 1399 sed
1170 1355 1237 1402 nou

130 1435 275 1513 unimus,
288 1456 353 1500 non
362 1456 452 1521 spes,
467 1456 510 1501 ne
524 1437 593 1502 telu
606 1436 755 1520 quidem,
770 1437 836 1501 uisi
856 1438 1011 1520 agrestio,
1032 1435 1076 1501 ud
1090 1437 1235 1503 subitum

130 1554 232 1600 nsum
246 1543 434 1621 properate
481 1535 530 1603 Ut
551 1556 669 1604 venere
692 1538 740 1601 in²
755 1558 883 1617 munus,
904 1558 970 1604 nou
999 1538 1084 1603 ultro
1103 1536 1236 1604 dubitu-

131 1641 214 1715 tnm,
230 1658 331 1721 quum
350 1638 430 1704 dum
450 1638 614 1704 Romanus
639 1641 792 1706 cobortes
805 1642 839 1705 in
853 1660 987 1725 aequnm
1009 1642 1205 1706 eniterentur
1215 1639 1241 1705 ε’

129 1744 262 1804 vertunt
275 1746 366 1824 terga
379 1739 514 1820 Cilices,
537 1760 639 1825 seque
653 1742 796 1807 custello
810 1740 979 1806 claudunt

130 1905 310 1969 metuque
319 1906 450 1970 prohiberi
462 1922 490 1958 se
505 1908 647 1972 provincis,
668 1922 743 1972 quum
755 1908 863 1971 prinoeps
879 1901 936 1972 ipse'
944 1906 990 1956 ribi
1000 1904 1150 1956 tradidisset
1159 1918 1167 1963 3
1184 1917 1235 1955 nou

132 1969 315 2034 elegionibus‚
332 1971 405 2036 (uam
421 1985 449 2022 se
467 1972 498 2020 iis
511 1972 662 2022 recentibus
673 1972 820 2035 secedere)
829 1970 900 2021 seds
911 1970 1007 2032 Sentio,
1016 1969 1146 2034 proprium
1156 1966 1237 2020 offen·

131 2035 231 2084 sionem
248 2032 317 2084 fictis
333 2035 556 2086 criminationibus
566 2038 728 2086 occultante:
740 2043 839 2086 stsreut
859 2038 886 2087 iu
907 2034 997 2100 prtelio
1014 2032 1180 2094 solummodo,
1190 2047 1236 2083 ue·

131 2113 261 2163 qusquum
280 2098 443 2148 dimicaturis
465 2099 620 2165 legionibus,
637 2101 726 2152 stetim
746 2109 826 2165 utque
844 2100 1038 2163 conspexissent
1059 2096 1191 2159 Pisonem,
1201 2098 1235 2148 nb

131 2162 193 2226 ipsis
204 2163 267 2212 olim
276 2171 396 2213 nocetum
406 2173 519 2227 petrem3
536 2166 558 2214 si
568 2164 669 2229 legibus
681 2164 882 2229 disceptsretur,
892 2163 1050 2225 validiorem,
1060 2162 1081 2210 si
1092 2162 1157 2224 scie,
1165 2161 1236 2211 baud

132 2226 274 2278 imbellem.
309 2227 457 2303 Μαρία
472 2231 570 2278 iamir
583 2245 627 2292 pro
637 2244 734 2292 aggere,
743 2244 785 2279 ses
794 2231 870 2279 mi·
877 2228 1058 2292 propsgsseult
1068 2227 1095 2275 is
1110 2228 1167 2276 celle
1186 2228 1236 2277 ulto

29 2279 34 2296 '
131 2291 575 2369 summouentem
697 2293 781 2343 aaut.
816 2291 1237 2354 emmerammum

129 2354 305 2418 ordimetimu
320 2356 432 2406 utamur
440 2357 578 2424 firmatum
607 2358 642 2407 ‘rr
653 2358 759 2407 sirenus
774 2358 914 2407 militarium
927 2357 1058 2419 fortitudo,
1072 2356 1237 2405 indelceorusr

130 2419 577 2486 erdessbmptupumedmrirtus,
593 2438 638 2472 ror
653 2421 1154 2486 demitumcurrnuqut'derunt‘st'rum'cu,
1164 2422 1236 2469 etad

130 2484 312 2534 mentm
321 2485 482 2536 ueeoeitctesr
493 2490 631 2536 mamete.
655 2488 689 2536 tu
697 2502 813 2551 must,
820 2492 848 2536 st
858 2502 951 2537 nurus
963 2499 1098 2536 consenum
1116 2499 1162 2534 sos
1171 2485 1236 2532 ultre
1262 2488 1270 2495 “

129 2554 355 2612 martemque·
366 2551 421 2600 durs
433 2551 554 2600 Romus
567 2551 670 2601 srlksiir
684 2566 777 2615 apruni
788 2553 1001 2616 pmudnetm
1016 2550 1077 2599 sris
1184 2562 1236 2598 cos·

127 2612 215 2675 jieirurt
228 2612 324 2676 Cilices,
333 2629 402 2678 sepse
410 2616 585 2680 propugnaculo
596 2616 726 2665 includunt.

593 2758 770 2782 ΟΙΙΜΙΗΜ

157 2859 175 2904 2
192 2854 247 2906 Alii
258 2856 347 2906 dierunt
356 2859 387 2907 sd
399 2857 822 2913 nanniseutueirnsssunsuum
835 2857 979 2919 emulatur,
989 2854 1059 2920 upud
1071 2867 1147 2919 quem
1156 2853 1233 2904 Belle

131 2919 254 2985 Jugnrtb.
266 2935 295 2970 cs
317 2954 324 2968 .
336 2926 376 2971 tu.
394 2922 402 2950 ‘
414 2922 454 2973 Ac
466 2925 548 2987 primo
565 2924 704 2975 mediocria
715 2923 835 2989 gerebat,
846 2921 996 2972 existimans
1020 2918 1175 2982 dugurtbum
1200 2918 1235 2969 ob

131 2999 189 3033 uros
212 2989 286 3038 tutuo
322 3000 334 3034 s
357 2987 384 3036 in
405 3001 495 3036 munus
513 2989 673 3040 uenturum!
695 2998 774 3054 utque
794 2988 832 3037 its
853 2988 946 3036 iterum
965 2983 1070 3045 scripsit
1087 2990 1175 3032 noster
1197 2981 1236 3033 Η.

133 3062 172 3100 tv.
185 3053 215 3098 tl
227 3066 233 3098 :
252 3051 300 3098 ‘ut
316 3056 421 3100 rentum
432 3053 458 3100 ln
470 3066 569 3115 munus,
587 3052 721 3103 deturbati
741 3052 823 3102 ruiun
841 3049 919 3100 modo
936 3045 1155 3113 precipitantur?
1172 3060 1235 3109 quo·

131 3112 209 3163 modo
220 3112 256 3163 ibi
268 3115 443 3179 rescripsimus
455 3117 647 3179 langobardici
662 3117 769 3180 codicis,
781 3128 833 3179 quo
843 3112 961 3163 Picbeus
973 3111 1052 3161 etium
1063 3124 1134 3170 urus,
1146 3114 1236 3159 nocto·

130 3178 235 3227 ritsteru
246 3178 343 3228 secuti:
361 3194 421 3228 nnn
433 3181 543 3244 vulgetis
552 3187 613 3231 sote
625 3181 789 3232 Fdltionibus
800 3178 904 3243 legitur,
914 3178 946 3226 ud
956 3188 1046 3225 morsu
1079 3172 1148 3223 Vide
1159 3173 1234 3236 plurs

130 3241 252 3306 exempl·
262 3242 366 3306 upudd.
378 3245 407 3293 F.
420 3244 579 3297 tirunculum
590 3245 622 3296 sd
633 3246 733 3296 livium
742 3258 775 3295 u.
786 3248 828 3294 «td.
851 3242 967 3306 Byrlriu.

630 3375 655 3426 N
658 3373 737 3425 OTAE

130 3470 177 3534 illi,
186 3476 214 3519 et
226 3468 364 3519 suxilisres
376 3477 459 3534 eruut,
471 3485 533 3537 qnos
542 3470 580 3521 sic
591 3486 662 3522 com·
702 3475 830 3535 ruptoque
841 3465 917 3532 colle,
927 3478 980 3531 qno
995 3478 1047 3514 uuo
1061 3463 1128 3529 loco,
1138 3465 1233 3516 esstel·

130 3552 272 3611 pusuersts
287 3546 484 3610 legionariorum
493 3547 594 3611 militis,
603 3563 662 3599 cou-
701 3546 754 3594 lum
765 3550 836 3594 terrs
846 3542 912 3593 ediri
921 3548 1041 3607 poterut:
1064 3549 1154 3593 cetere
1168 3541 1234 3592 nturi

131 3623 248 3688 titioque
260 3624 336 3686 louge
353 3623 473 3687 nobilior,
483 3632 513 3674 ut
529 3625 575 3687 qui
591 3625 662 3675 cives
701 3620 879 3686 cingebuutur.
1222 3637 1224 3646 r

132 3700 242 3751 Romani
250 3705 347 3761 esseut,
358 3705 385 3749 et
400 3699 417 3749 li
428 3699 571 3764 ordinibus,
581 3700 661 3751 bello·
732 3704 743 3730 ¹
759 3693 1050 3760 lsapuumssiterrstur]
1059 3692 1231 3757 ldestusque

130 3776 428 3843 quelougevslidiores.
703 3773 764 3824 dnm
775 3775 856 3837 requis
871 3771 1142 3821 locissdortaeesscut
1158 3767 1233 3818 Pisc-

162 3852 462 3916 remuneremus]
484 3852 555 3902 Nihil
567 3861 663 3918 preter
702 3851 791 3899 uisnos
810 3849 914 3898 milites.
958 3842 1233 3894 Numiocolleurduo

131 3930 300 3994 presentium
307 3942 393 3978 eorum
404 3929 662 3994 requiritruoueuim
702 3934 730 3976 et
741 3926 852 3988 sbrupto
863 3923 925 3973 Piso
936 3935 996 3969 suus
1013 3920 1101 3984 copies
1119 3918 1232 3983 explicu-

131 4018 227 4070 pugum
235 4017 314 4054 ausu
323 4003 360 4053 ibi
371 4001 472 4054 t'utoros
481 4004 528 4068 sit,
537 4018 595 4070 qum
605 4005 662 4053 nul·
702 4007 790 4051 veruti
808 3997 957 4064 quemdum
969 3996 1089 4046 cobortes
1105 3995 1232 4048 Romnum

132 4082 159 4130 lu
168 4086 239 4131 esset
250 4081 358 4130 orituro.
702 4077 867 4140 scanderent,
884 4075 988 4139 psulum
1005 4073 1151 4125 dubitetum
1164 4072 1231 4129 tuus

163 4163 175 4206 i
193 4153 412 4217 marmenia]
427 4153 663 4206 Autemnniments
702 4155 747 4204 ubi
758 4167 791 4203 ex
806 4166 880 4217 aequo
891 4157 996 4200 ventum
1008 4148 1042 4198 sd
1057 4157 1232 4216 manumetis

130 4231 229 4285 errtelli
248 4231 354 4284 ordines
374 4228 481 4281 iustruit
499 4229 580 4281 urduo
597 4243 663 4295 pre·
703 4230 774 4282 nulls
783 4228 920 4280 dubitatio.
939 4225 1059 4284 amun.
1190 4247 1195 4254 ·
