2967 4867
577 361 581 364 ’
600 388 792 440 uuisioni:
1208 381 1234 448 8

126 536 222 604 unte
247 536 327 603 binc
355 534 510 618 collique,
537 535 627 618 quod
656 535 706 604 M.
742 533 904 602 Claudius
931 533 1074 606 'lboltus
1102 537 1231 620 cour,

129 638 310 722 Augustus,
339 643 374 703 et
390 637 578 721 Imperator
592 637 777 717 Romanum
799 639 832 704 ei
857 639 992 724 stirpem
1010 645 1047 705 et
1066 641 1231 724 originem

130 761 220 806 suam
252 741 375 807 debere
402 741 562 823 gloriatus
583 742 637 818 sit,
669 741 758 824 quod
782 742 958 824 imaginem
972 742 1046 825 ojus
1060 744 1094 806 in
1108 744 1232 816 biblio-¹

128 844 230 914 flteciu
249 843 413 910 omuibus
435 842 653 920 oonscorevit,
678 841 775 925 qussi
796 861 916 908 numen
941 843 1076 927 aliquod
1097 865 1230 914 aronam

130 946 302 1028 mqieutiae
316 943 600 1026 religiosissimum
615 963 625 1022 3
641 943 732 1027 quod
741 945 777 1009 in
791 944 962 1012 tabulariis
974 946 1119 1029 publicis
1129 948 1231 1017 libros

129 1047 198 1129 ejus
224 1045 377 1111 exscribi
403 1063 445 1109 ac
470 1046 598 1131 reponi
609 1046 721 1130 jussit,
749 1047 845 1130 quusi
869 1047 1055 1114 communis
1081 1051 1232 1132 gentium»

129 1149 274 1212 omnium
295 1146 532 1228 nationumque
546 1146 701 1226 duotoriu.
728 1146 848 1231 Neque
863 1149 931 1214 olio
946 1150 1087 1215 comitio
1106 1153 1232 1222 factum

127 1269 200 1315 emo
212 1249 414 1333 putaverim,
428 1244 520 1330 quod
531 1247 641 1329 lingua
657 1247 749 1332 nulle
773 1250 827 1328 sit,
847 1251 882 1315 in
904 1270 1005 1335 quam
1026 1272 1141 1319 versus
1163 1274 1230 1322 non

128 1351 223 1420 luerit
234 1350 390 1428 Tacitus,
420 1367 521 1432 quam
537 1350 626 1433 quod
648 1350 835 1436 principum
857 1353 1001 1419 omnium
1017 1357 1232 1441 populorum-

127 1473 190 1537 que
205 1451 490 1530 consummandus
507 1452 702 1530 communis,
729 1456 764 1517 et
787 1454 926 1536 publica
941 1455 1087 1524 felicitas
1101 1460 1136 1523 in
1157 1460 1231 1545 ejus

127 1558 218 1624 libris
231 1558 386 1639 reposito
394 1574 471 1624 esso
484 1554 648 1620 ridentur.
702 1554 783 1621 Hoo
794 1561 905 1632 autern
918 1564 1050 1643 oportet
1062 1578 1138 1625 esse
1150 1560 1231 1628 'libi

129 1659 285 1725 'llicitum
300 1659 533 1742 conopeum,
548 1658 639 1741 quod
653 1658 733 1723 oliuu
746 1658 782 1724 iu
804 1658 919 1726 Gellia
941 1665 1011 1740 tun,
1035 1667 1070 1728 et
1097 1663 1231 1750 quidem

129 1761 280 1844 Belgica,
290 1780 366 1845 qnoe
374 1759 523 1825 maxime
534 1758 672 1825 rectoris
684 1760 874 1844 impatiens,
887 1762 1028 1828 obtinuit
1036 1761 1230 1848 Imperium,

128 1870 160 1930 et
173 1863 268 1947 quod
289 1862 346 1927 bic
365 1860 502 1934 iordtan
514 1879 556 1925 eo
577 1861 653 1944 ipsu
672 1860 850 1927 meditatus
872 1869 934 1942 cst,
961 1869 995 1929 et
1013 1883 1078 1930 usu
1102 1864 1231 1945 didicit,

127 1985 203 2051 qum
219 1965 355 2048 scriptis
366 1963 546 2042 mandaret,
561 1982 603 2028 ao
622 1964 766 2047 posteris
779 1964 985 2048 relinqueret.
1031 1965 1079 2031 Ut
1093 1983 1233 2049 operum

128 2066 187 2132 dos
224 2066 386 2151 Magbtro
422 2072 516 2131 tanto
539 2065 611 2150 jam
641 2063 782 2147 Imperii
816 2083 940 2148 capax,
971 2064 1231 2134 sssrmssrnn

129 2169 345 2247 Dnuomuu,
365 2168 515 2234 bortatur
534 2166 663 2232 indoles
675 2227 678 2232 .
690 2166 750 2231 illo
776 2167 922 2244 excelso,
950 2173 985 2233 et
1012 2187 1090 2234 vere
1111 2168 1229 2254 Rogte,

130 2268 739 2356 quanutumerse'l'eudregeudum,
754 2270 910 2336 omnibus
923 2270 1173 2357 iudiciispotet,
1196 2280 1231 2341 et

129 2373 237 2439 si'I'e
264 2375 340 2458 ipse
367 2372 526 2452 consulis
552 2372 668 2438 intime
695 2373 810 2438 mutis.
855 2372 1017 2441 Hortatur
1041 2374 1230 2440 informatio

130 2476 189 2543 sslu
214 2476 347 2559 egregia
370 2473 556 2560 juventutis
584 2478 664 2552 tuae,
690 2473 729 2537 iu
757 2493 858 2559 quum
886 2475 1083 2541 auctoritato
1111 2474 1231 2560 Magni

130 2577 241 2644 Patris
259 2579 323 2655 tui,
343 2583 377 2641 et
388 2577 488 2643 Duco
502 2573 739 2655 Montauserio,
750 2576 900 2642 homiues
913 2576 1044 2660 ingenio
1057 2581 1090 2642 et
1110 2577 1230 2650 doctri-

128 2683 382 2764 mpraestautcs
394 2678 554 2745 baconus
565 2679 795 2758 incubuermt,
824 2681 893 2744 imo
916 2678 1015 2744 editis
1034 2680 1230 2746 eruditionis

132 2784 294 2850 universe
309 2781 516 2859 auctoribus,
530 2781 589 2865 qui
603 2781 740 2846 sacculis
754 2779 906 2846 omnibus
920 2780 1110 2858 floruerunt,
1133 2782 1231 2863 quusi

131 2885 309 2950 emortuis
331 2883 472 2950 excitati
494 2884 657 2961 videntur,
681 2884 740 2967 qui
761 2881 850 2947 vivis
877 2881 1063 2950 rectoribus
1080 2882 1230 2966 juventa)

119 2983 196 3052 'turo
215 3005 352 3071 operum
373 3005 472 3051 snum
488 2985 523 3050 in
545 2990 639 3054 tanto
656 2985 801 3052 oonsilio
818 2983 1086 3058 commodarent
1126 2973 1231 3051 'Artas

132 3087 198 3155 issae
210 3108 327 3170 omnes
340 3089 463 3175 quibus
477 3093 529 3154 est
542 3090 700 3155 excultus
722 3086 863 3165 animus,
888 3091 1016 3156 tantum
1029 3106 1102 3156 non,
1110 3086 1231 3170 probro

131 3198 259 3258 uertunt
280 3192 431 3277 Priuoipi
444 3192 583 3269 erudito,
607 3192 673 3257 nisi
688 3188 903 3276 capessendae
918 3189 1130 3274 Reipublicae
1144 3189 1233 3273 peri·

130 3294 189 3372 uu,
197 3294 359 3375 magistro
372 3293 505 3371 Tacito,
520 3293 619 3360 simul
632 3295 820 3359 occesserit.
864 3292 945 3358 Hoc
958 3312 1059 3358 unum
1073 3293 1107 3356 in
1120 3291 1232 3357 auimo

129 3395 247 3462 lubuit
258 3395 461 3461 clarissimus
484 3395 568 3460 Dux
583 3393 839 3473 Moutauscrius,
854 3413 931 3464 oum
945 3399 1012 3458 uuae
1026 3394 1102 3476 spei
1116 3391 1232 3459 admo·

131 3503 184 3562 tus
205 3502 267 3562 est
312 3496 393 3561 Hoc
415 3496 614 3562 Bossuetius
650 3502 838 3582 praeceptor
866 3498 1111 3570 amoenissimus
1132 3502 1232 3582 atque

131 3596 380 3677 disorfissimus,
398 3605 433 3670 ut
445 3599 579 3666 tandem
593 3599 773 3683 aliquando
792 3597 836 3663 od
850 3597 1005 3681 regnandi
1020 3596 1231 3680 disciplinam

130 3697 209 3764 'libi
236 3702 329 3765 riam
344 3705 531 3766 sternerent.
576 3690 740 3766 Hortatur
757 3704 791 3766 et
809 3698 860 3764 To
875 3698 1096 3765 consilinmm
1110 3697 1233 3779 Regio·

131 3821 205 3867 rum
217 3803 317 3878 ratio,
339 3803 373 3865 in
396 3803 517 3886 quibus
528 3803 602 3887 jam
625 3822 701 3867 cum
720 3803 848 3885 optimo
863 3802 1109 3894 fortissimoque
1121 3798 1232 3877 Patre,

133 3903 176 3968 de
203 3904 305 3967 rebus
331 3902 468 3986 Imperii
487 3902 693 3987 gravissimis
717 3902 892 3968 deliberas.
937 3901 1086 3966 Intentos
1102 3918 1183 3965 sano
1197 3900 1235 3965 iu

131 4003 183 4069 Te
196 4003 340 4086 Regum,
352 4003 557 4088 Principum,
580 4002 616 4068 N
617 4004 776 4080 otiouum,
797 4005 942 4072 omnium
958 4001 1099 4084 denique
1112 4005 1234 4066 morte·

131 4105 216 4170 lium
237 4107 355 4172 oculos
378 4112 480 4191 pute3
499 4107 689 4190 suspiciunt
712 4123 827 4171 omnes
840 4104 984 4170 indolem
999 4101 1233 4187 praestantissi-

130 4226 238 4288 mam,
259 4209 496 4293 obstupescunt
519 4207 563 4272 ud
583 4206 824 4274 institutionem
846 4199 1084 4285 admirabilem,
1104 4203 1235 4296 etjam,
