<?xml version="1.0" encoding="UTF-8"?>
<!DOCTYPE html PUBLIC "-//W3C//DTD XHTML 1.0 Transitional//EN"
    "http://www.w3.org/TR/xhtml1/DTD/xhtml1-transitional.dtd">
<html xmlns="http://www.w3.org/1999/xhtml" xml:lang="en" lang="en">
 <head>
  <title>
</title>
<meta http-equiv="Content-Type" content="text/html;charset=utf-8" />
  <meta name='ocr-system' content='tesseract 3.04.00' />
  <meta name='ocr-capabilities' content='ocr_page ocr_carea ocr_par ocr_line ocrx_word'/>
</head>
<body>
  <div class='ocr_page' id='page_1' title='image "./operaomnia00cassgoog/operaomnia00cassgoog_0021.png"; bbox 0 0 2967 4867; ppageno 0'>
   <div class='ocr_carea' id='block_1_1' title="bbox 601 380 1252 450">
    <p class='ocr_par' dir='ltr' id='par_1_1' title="bbox 601 380 1252 450">
     <span class='ocr_line' id='line_1_1' title="bbox 601 380 1252 450; baseline -0.005 -3"><span class='ocrx_word' id='word_1_1' title='bbox 601 393 807 450; x_wconf 74' lang='lat' dir='ltr'><strong>russerie.</strong></span> <span class='ocrx_word' id='word_1_2' title='bbox 1229 380 1252 444; x_wconf 81' lang='lat'>⁷</span> 
     </span>
    </p>
   </div>
   <div class='ocr_carea' id='block_1_2' title="bbox 142 535 1255 3790">
    <p class='ocr_par' dir='ltr' id='par_1_2' title="bbox 143 535 1252 709">
     <span class='ocr_line' id='line_1_2' title="bbox 158 535 1252 627; baseline -0.006 -17"><span class='ocrx_word' id='word_1_3' title='bbox 158 545 341 627; x_wconf 75' lang='lat' dir='ltr'><strong>unumque</strong></span> <span class='ocrx_word' id='word_1_4' title='bbox 354 545 506 607; x_wconf 81' lang='lat' dir='ltr'><strong>moveret</strong></span> <span class='ocrx_word' id='word_1_5' title='bbox 519 541 780 620; x_wconf 76' lang='lat' dir='ltr'><strong>admirationem,</strong></span> <span class='ocrx_word' id='word_1_6' title='bbox 794 544 831 605; x_wconf 90' lang='lat' dir='ltr'><strong>ut</strong></span> <span class='ocrx_word' id='word_1_7' title='bbox 838 538 1098 626; x_wconf 83' lang='lat' dir='ltr'><strong>juvenesiuudis</strong></span> <span class='ocrx_word' id='word_1_8' title='bbox 1111 535 1252 624; x_wconf 87' lang='lat' dir='ltr'><strong>cupidos</strong></span> 
     </span>
     <span class='ocr_line' id='line_1_3' title="bbox 143 639 669 709; baseline -0.006 0"><span class='ocrx_word' id='word_1_9' title='bbox 143 644 259 709; x_wconf 65' lang='lat' dir='ltr'><strong>udoni</strong></span> <span class='ocrx_word' id='word_1_10' title='bbox 273 644 493 708; x_wconf 71' lang='lat' dir='ltr'><strong>imitationem</strong></span> <span class='ocrx_word' id='word_1_11' title='bbox 506 639 669 707; x_wconf 75' lang='lat' dir='ltr'><strong>traheret·</strong></span> 
     </span>
    </p>

    <p class='ocr_par' dir='ltr' id='par_1_3' title="bbox 142 744 1255 2561">
     <span class='ocr_line' id='line_1_4' title="bbox 148 744 1255 822; baseline 0.003 -16"><span class='ocrx_word' id='word_1_12' title='bbox 148 745 234 810; x_wconf 94' lang='lat' dir='ltr'><strong>.·1n</strong></span> <span class='ocrx_word' id='word_1_13' title='bbox 262 745 327 809; x_wconf 90' lang='lat' dir='ltr'><strong>boc</strong></span> <span class='ocrx_word' id='word_1_14' title='bbox 351 745 553 810; x_wconf 77' lang='lat' dir='ltr'>celebritatis</span> <span class='ocrx_word' id='word_1_15' title='bbox 578 761 687 822; x_wconf 87' lang='lat' dir='ltr'><strong>cursu,</strong></span> <span class='ocrx_word' id='word_1_16' title='bbox 716 763 793 810; x_wconf 90' lang='lat' dir='ltr'><strong>cum</strong></span> <span class='ocrx_word' id='word_1_17' title='bbox 816 744 977 808; x_wconf 90' lang='lat' dir='ltr'><strong>bonorum</strong></span> <span class='ocrx_word' id='word_1_18' title='bbox 1003 744 1202 809; x_wconf 80' lang='lat' dir='ltr'><strong>incremento</strong></span> <span class='ocrx_word' id='word_1_19' title='bbox 1232 761 1255 808; x_wconf 85' lang='lat' dir='ltr'><strong>e</strong></span> 
     </span>
     <span class='ocr_line' id='line_1_5' title="bbox 151 842 1251 929; baseline -0.004 -16"><span class='ocrx_word' id='word_1_20' title='bbox 151 847 343 914; x_wconf 82' lang='lat' dir='ltr'><strong>Domitiano</strong></span> <span class='ocrx_word' id='word_1_21' title='bbox 355 842 564 928; x_wconf 70' lang='lat' dir='ltr'><strong>accepisset,i</strong></span> <span class='ocrx_word' id='word_1_22' title='bbox 575 844 860 928; x_wconf 79' lang='lat' dir='ltr'><strong>quindecimvirali</strong></span> <span class='ocrx_word' id='word_1_23' title='bbox 875 844 1061 909; x_wconf 76' lang='lat' dir='ltr'><strong>sacerdotio</strong></span> <span class='ocrx_word' id='word_1_24' title='bbox 1078 845 1251 929; x_wconf 84' lang='lat' dir='ltr'><strong>ptaeditus,</strong></span> 
     </span>
     <span class='ocr_line' id='line_1_6' title="bbox 145 944 1252 1031; baseline -0.004 -16"><span class='ocrx_word' id='word_1_25' title='bbox 145 950 248 1016; x_wconf 84' lang='lat' dir='ltr'><strong>simul</strong></span> <span class='ocrx_word' id='word_1_26' title='bbox 260 953 296 1024; x_wconf 86' lang='lat' dir='ltr'><strong>et</strong></span> <span class='ocrx_word' id='word_1_27' title='bbox 309 955 444 1031; x_wconf 85' lang='lat' dir='ltr'><strong>praetor,</strong></span> <span class='ocrx_word' id='word_1_28' title='bbox 455 945 563 1010; x_wconf 78' lang='lat' dir='ltr'><strong>admit</strong></span> <span class='ocrx_word' id='word_1_29' title='bbox 575 945 780 1011; x_wconf 78' lang='lat' dir='ltr'><strong>secularibus</strong></span> <span class='ocrx_word' id='word_1_30' title='bbox 790 946 878 1010; x_wconf 89' lang='lat' dir='ltr'><strong>ludis</strong></span> <span class='ocrx_word' id='word_1_31' title='bbox 889 965 976 1012; x_wconf 81' lang='lat' dir='ltr'><strong>enno</strong></span> <span class='ocrx_word' id='word_1_32' title='bbox 986 944 1087 1011; x_wconf 80' lang='lat' dir='ltr'><strong>Urbis</strong></span> <span class='ocrx_word' id='word_1_33' title='bbox 1099 945 1252 1011; x_wconf 72' lang='lat' dir='ltr'><strong>Conditus</strong></span> 
     </span>
     <span class='ocr_line' id='line_1_7' title="bbox 149 1046 1255 1131; baseline -0.005 -14"><span class='ocrx_word' id='word_1_34' title='bbox 149 1049 224 1117; x_wconf 79' lang='grc'><strong>841.</strong></span> <span class='ocrx_word' id='word_1_35' title='bbox 234 1046 361 1114; x_wconf 65' lang='lat' dir='ltr'><strong>editis.lt</strong></span> <span class='ocrx_word' id='word_1_36' title='bbox 375 1047 530 1112; x_wconf 78' lang='lat' dir='ltr'><strong>Tacitum</strong></span> <span class='ocrx_word' id='word_1_37' title='bbox 539 1054 647 1112; x_wconf 87' lang='lat' dir='ltr'><strong>eutem</strong></span> <span class='ocrx_word' id='word_1_38' title='bbox 658 1048 701 1112; x_wconf 84' lang='lat' dir='ltr'><strong>eb</strong></span> <span class='ocrx_word' id='word_1_39' title='bbox 711 1047 846 1131; x_wconf 89' lang='lat' dir='ltr'><strong>optimis</strong></span> <span class='ocrx_word' id='word_1_40' title='bbox 857 1047 1081 1130; x_wconf 82' lang='lat' dir='ltr'><strong>Principibus,</strong></span> <span class='ocrx_word' id='word_1_41' title='bbox 1091 1046 1255 1131; x_wconf 71' lang='lat' dir='ltr'><strong>Vespasi-</strong></span> 
     </span>
     <span class='ocr_line' id='line_1_8' title="bbox 156 1148 1254 1236; baseline -0.003 -20"><span class='ocrx_word' id='word_1_42' title='bbox 156 1149 979 1236; x_wconf 76' lang='lat' dir='ltr'><strong>nnoTitoque,dignitatisinitieuccepisse,virbrtis</strong></span> <span class='ocrx_word' id='word_1_43' title='bbox 985 1151 1140 1216; x_wconf 85' lang='lat' dir='ltr'><strong>suneiuit</strong></span> <span class='ocrx_word' id='word_1_44' title='bbox 1151 1148 1254 1228; x_wconf 90' lang='lat' dir='ltr'><strong>Quod</strong></span> 
     </span>
     <span class='ocr_line' id='line_1_9' title="bbox 151 1251 1252 1338; baseline 0 -20"><span class='ocrx_word' id='word_1_45' title='bbox 151 1253 192 1318; x_wconf 85' lang='lat' dir='ltr'><strong>ud</strong></span> <span class='ocrx_word' id='word_1_46' title='bbox 205 1271 314 1318; x_wconf 84' lang='lat' dir='ltr'><strong>noros</strong></span> <span class='ocrx_word' id='word_1_47' title='bbox 326 1251 568 1335; x_wconf 72' lang='lat' dir='ltr'><strong>amplioresque</strong></span> <span class='ocrx_word' id='word_1_48' title='bbox 580 1251 721 1316; x_wconf 89' lang='lat' dir='ltr'><strong>bonores</strong></span> <span class='ocrx_word' id='word_1_49' title='bbox 735 1270 757 1315; x_wconf 80' lang='lat' dir='ltr'><strong>a</strong></span> <span class='ocrx_word' id='word_1_50' title='bbox 772 1251 976 1332; x_wconf 81' lang='lat' dir='ltr'><strong>Domitiano,</strong></span> <span class='ocrx_word' id='word_1_51' title='bbox 993 1255 1140 1338; x_wconf 86' lang='lat' dir='ltr'><strong>pessimo</strong></span> <span class='ocrx_word' id='word_1_52' title='bbox 1155 1253 1252 1318; x_wconf 89' lang='lat' dir='ltr'><strong>Prin·</strong></span> 
     </span>
     <span class='ocr_line' id='line_1_10' title="bbox 146 1353 1253 1441; baseline 0.002 -23"><span class='ocrx_word' id='word_1_53' title='bbox 146 1356 236 1439; x_wconf 82' lang='lat' dir='ltr'><strong>cipe,</strong></span> <span class='ocrx_word' id='word_1_54' title='bbox 255 1354 355 1420; x_wconf 80' lang='lat' dir='ltr'><strong>suerit</strong></span> <span class='ocrx_word' id='word_1_55' title='bbox 366 1360 516 1433; x_wconf 85' lang='lat' dir='ltr'><strong>evectus,</strong></span> <span class='ocrx_word' id='word_1_56' title='bbox 530 1354 651 1437; x_wconf 77' lang='lat' dir='ltr'><strong>egregii</strong></span> <span class='ocrx_word' id='word_1_57' title='bbox 673 1354 775 1432; x_wconf 88' lang='lat' dir='ltr'><strong>iliius,</strong></span> <span class='ocrx_word' id='word_1_58' title='bbox 789 1353 879 1437; x_wconf 90' lang='lat' dir='ltr'><strong>quod</strong></span> <span class='ocrx_word' id='word_1_59' title='bbox 893 1375 985 1441; x_wconf 87' lang='lat' dir='ltr'><strong>saepe</strong></span> <span class='ocrx_word' id='word_1_60' title='bbox 998 1357 1073 1440; x_wconf 89' lang='lat' dir='ltr'><strong>ipse</strong></span> <span class='ocrx_word' id='word_1_61' title='bbox 1087 1373 1253 1420; x_wconf 84' lang='lat' dir='ltr'><strong>commcn-</strong></span> 
     </span>
     <span class='ocr_line' id='line_1_11' title="bbox 151 1455 1252 1543; baseline 0 -19"><span class='ocrx_word' id='word_1_62' title='bbox 151 1455 260 1537; x_wconf 77' lang='lat' dir='ltr'><strong>dsvit,¹</strong></span> <span class='ocrx_word' id='word_1_63' title='bbox 273 1458 519 1522; x_wconf 75' lang='lat' dir='ltr'><strong>contumacium</strong></span> <span class='ocrx_word' id='word_1_64' title='bbox 533 1459 616 1522; x_wconf 85' lang='lat' dir='ltr'><strong>iuter</strong></span> <span class='ocrx_word' id='word_1_65' title='bbox 627 1462 668 1530; x_wconf 77' lang='lat' dir='ltr'><strong>et,</strong></span> <span class='ocrx_word' id='word_1_66' title='bbox 674 1457 870 1540; x_wconf 90' lang='lat' dir='ltr'><strong>obsequium</strong></span> <span class='ocrx_word' id='word_1_67' title='bbox 884 1459 1129 1543; x_wconf 79' lang='lat' dir='ltr'><strong>temperamenti</strong></span> <span class='ocrx_word' id='word_1_68' title='bbox 1149 1459 1252 1524; x_wconf 81' lang='lat' dir='ltr'><strong>ruisse</strong></span> 
     </span>
     <span class='ocr_line' id='line_1_12' title="bbox 151 1557 1251 1644; baseline 0.002 -21"><span class='ocrx_word' id='word_1_69' title='bbox 151 1559 355 1635; x_wconf 73' lang='lat' dir='ltr'><strong>aediderim.</strong></span> <span class='ocrx_word' id='word_1_70' title='bbox 399 1557 520 1642; x_wconf 89' lang='lat' dir='ltr'><strong>Neque</strong></span> <span class='ocrx_word' id='word_1_71' title='bbox 536 1558 809 1638; x_wconf 85' lang='lat' dir='ltr'><strong>Domitiano,ch</strong></span> <span class='ocrx_word' id='word_1_72' title='bbox 830 1559 912 1624; x_wconf 89' lang='lat' dir='ltr'><strong>inter</strong></span> <span class='ocrx_word' id='word_1_73' title='bbox 929 1561 1102 1644; x_wconf 73' lang='lat' dir='ltr'><strong>flagrantia</strong></span> <span class='ocrx_word' id='word_1_74' title='bbox 1115 1559 1251 1638; x_wconf 78' lang='lat' dir='ltr'><strong>scelere,</strong></span> 
     </span>
     <span class='ocr_line' id='line_1_13' title="bbox 144 1659 1252 1746; baseline -0.001 -20"><span class='ocrx_word' id='word_1_75' title='bbox 144 1661 211 1726; x_wconf 76' lang='lat' dir='ltr'><strong>fuit</strong></span> <span class='ocrx_word' id='word_1_76' title='bbox 224 1681 386 1746; x_wconf 81' lang='lat' dir='ltr'><strong>umquem</strong></span> <span class='ocrx_word' id='word_1_77' title='bbox 400 1663 450 1726; x_wconf 79' lang='lat' dir='ltr'><strong>itu</strong></span> <span class='ocrx_word' id='word_1_78' title='bbox 462 1659 641 1725; x_wconf 80' lang='lat' dir='ltr'><strong>absurdum</strong></span> <span class='ocrx_word' id='word_1_79' title='bbox 655 1661 830 1744; x_wconf 77' lang='lat' dir='ltr'><strong>ingenium,</strong></span> <span class='ocrx_word' id='word_1_80' title='bbox 845 1668 881 1725; x_wconf 93' lang='lat' dir='ltr'><strong>ut</strong></span> <span class='ocrx_word' id='word_1_81' title='bbox 889 1663 1041 1727; x_wconf 85' lang='lat' dir='ltr'><strong>virtutem</strong></span> <span class='ocrx_word' id='word_1_82' title='bbox 1054 1661 1252 1746; x_wconf 78' lang='lat' dir='ltr'><strong>dignitatum</strong></span> 
     </span>
     <span class='ocr_line' id='line_1_14' title="bbox 142 1760 1253 1847; baseline -0.002 -17"><span class='ocrx_word' id='word_1_83' title='bbox 142 1766 279 1847; x_wconf 81' lang='lat' dir='ltr'><strong>penitus</strong></span> <span class='ocrx_word' id='word_1_84' title='bbox 289 1770 459 1847; x_wconf 83' lang='lat' dir='ltr'><strong>expertem</strong></span> <span class='ocrx_word' id='word_1_85' title='bbox 467 1764 616 1828; x_wconf 80' lang='lat' dir='ltr'><strong>voluerit</strong></span> <span class='ocrx_word' id='word_1_86' title='bbox 662 1760 709 1827; x_wconf 93' lang='lat' dir='ltr'><strong>Ut</strong></span> <span class='ocrx_word' id='word_1_87' title='bbox 721 1767 757 1827; x_wconf 91' lang='lat' dir='ltr'><strong>ut</strong></span> <span class='ocrx_word' id='word_1_88' title='bbox 766 1768 827 1841; x_wconf 88' lang='lat' dir='ltr'><strong>est,</strong></span> <span class='ocrx_word' id='word_1_89' title='bbox 838 1767 917 1847; x_wconf 87' lang='lat' dir='ltr'><strong>post</strong></span> <span class='ocrx_word' id='word_1_90' title='bbox 926 1769 1104 1847; x_wconf 78' lang='lat' dir='ltr'><strong>prteturum</strong></span> <span class='ocrx_word' id='word_1_91' title='bbox 1113 1760 1253 1828; x_wconf 81' lang='lat' dir='ltr'><strong>Tacitus</strong></span> 
     </span>
     <span class='ocr_line' id='line_1_15' title="bbox 150 1863 1252 1949; baseline -0.003 -19"><span class='ocrx_word' id='word_1_92' title='bbox 150 1886 191 1930; x_wconf 81' lang='lat' dir='ltr'><strong>ex</strong></span> <span class='ocrx_word' id='word_1_93' title='bbox 206 1864 301 1931; x_wconf 86' lang='lat' dir='ltr'><strong>Urbe</strong></span> <span class='ocrx_word' id='word_1_94' title='bbox 315 1867 467 1944; x_wconf 88' lang='lat' dir='ltr'><strong>secessit,</strong></span> <span class='ocrx_word' id='word_1_95' title='bbox 482 1884 548 1932; x_wconf 90' lang='lat' dir='ltr'><strong>uon</strong></span> <span class='ocrx_word' id='word_1_96' title='bbox 562 1865 653 1943; x_wconf 85' lang='lat' dir='ltr'><strong>exul,</strong></span> <span class='ocrx_word' id='word_1_97' title='bbox 676 1884 783 1949; x_wconf 91' lang='lat' dir='ltr'><strong>neque</strong></span> <span class='ocrx_word' id='word_1_98' title='bbox 801 1865 861 1930; x_wconf 90' lang='lat' dir='ltr'><strong>otii</strong></span> <span class='ocrx_word' id='word_1_99' title='bbox 876 1865 1042 1949; x_wconf 90' lang='lat' dir='ltr'><strong>cupidine,</strong></span> <span class='ocrx_word' id='word_1_100' title='bbox 1065 1863 1157 1947; x_wconf 89' lang='lat' dir='ltr'><strong>quod</strong></span> <span class='ocrx_word' id='word_1_101' title='bbox 1178 1864 1252 1947; x_wconf 89' lang='lat' dir='ltr'><strong>qui·</strong></span> 
     </span>
     <span class='ocr_line' id='line_1_16' title="bbox 149 1964 1251 2053; baseline -0.005 -19"><span class='ocrx_word' id='word_1_102' title='bbox 149 1969 287 2034; x_wconf 74' lang='lat' dir='ltr'><strong>busdam</strong></span> <span class='ocrx_word' id='word_1_103' title='bbox 303 1969 450 2053; x_wconf 79' lang='lat' dir='ltr'><strong>placuit3</strong></span> <span class='ocrx_word' id='word_1_104' title='bbox 472 1974 519 2047; x_wconf 80' lang='lat' dir='ltr'><strong>ut,</strong></span> <span class='ocrx_word' id='word_1_105' title='bbox 541 1968 700 2034; x_wconf 87' lang='lat' dir='ltr'><strong>utverior</strong></span> <span class='ocrx_word' id='word_1_106' title='bbox 722 1967 996 2051; x_wconf 84' lang='lat' dir='ltr'><strong>fertconjecturu,</strong></span> <span class='ocrx_word' id='word_1_107' title='bbox 1018 1967 1191 2050; x_wconf 80' lang='lat' dir='ltr'><strong>praetorius</strong></span> <span class='ocrx_word' id='word_1_108' title='bbox 1205 1964 1251 2028; x_wconf 91' lang='lat' dir='ltr'><strong>le-</strong></span> 
     </span>
     <span class='ocr_line' id='line_1_17' title="bbox 150 2065 1251 2154; baseline -0.005 -17"><span class='ocrx_word' id='word_1_109' title='bbox 150 2079 257 2154; x_wconf 68' lang='lat' dir='ltr'><strong>qums,</strong></span> <span class='ocrx_word' id='word_1_110' title='bbox 284 2071 512 2154; x_wconf 82' lang='lat' dir='ltr'><strong>prorinoiaeve</strong></span> <span class='ocrx_word' id='word_1_111' title='bbox 536 2076 644 2134; x_wconf 88' lang='lat' dir='ltr'><strong>rector</strong></span> <span class='ocrx_word' id='word_1_112' title='bbox 666 2087 688 2134; x_wconf 83' lang='lat' dir='ltr'><strong>a</strong></span> <span class='ocrx_word' id='word_1_113' title='bbox 707 2067 866 2152; x_wconf 87' lang='lat' dir='ltr'><strong>Principe</strong></span> <span class='ocrx_word' id='word_1_114' title='bbox 890 2070 1074 2153; x_wconf 88' lang='lat' dir='ltr'><strong>impositus.</strong></span> <span class='ocrx_word' id='word_1_115' title='bbox 1118 2065 1251 2132; x_wconf 80' lang='lat' dir='ltr'><strong>Absens</strong></span> 
     </span>
     <span class='ocr_line' id='line_1_18' title="bbox 146 2171 1251 2256; baseline -0.004 -18"><span class='ocrx_word' id='word_1_116' title='bbox 146 2173 396 2256; x_wconf 73' lang='lat' dir='ltr'><strong>quadriennium</strong></span> <span class='ocrx_word' id='word_1_117' title='bbox 407 2177 552 2255; x_wconf 75' lang='lat' dir='ltr'><strong>egerut,¹⁰</strong></span> <span class='ocrx_word' id='word_1_118' title='bbox 566 2191 641 2238; x_wconf 89' lang='lat' dir='ltr'><strong>cum</strong></span> <span class='ocrx_word' id='word_1_119' title='bbox 657 2172 788 2254; x_wconf 78' lang='lat' dir='ltr'><strong>accepit</strong></span> <span class='ocrx_word' id='word_1_120' title='bbox 802 2190 933 2235; x_wconf 90' lang='lat' dir='ltr'><strong>summo</strong></span> <span class='ocrx_word' id='word_1_121' title='bbox 947 2171 1069 2237; x_wconf 91' lang='lat' dir='ltr'><strong>doloris</strong></span> <span class='ocrx_word' id='word_1_122' title='bbox 1083 2190 1181 2235; x_wconf 90' lang='lat' dir='ltr'><strong>sensu</strong></span> <span class='ocrx_word' id='word_1_123' title='bbox 1196 2188 1251 2234; x_wconf 91' lang='lat' dir='ltr'><strong>so·</strong></span> 
     </span>
     <span class='ocr_line' id='line_1_19' title="bbox 152 2270 1250 2357; baseline -0.003 -17"><span class='ocrx_word' id='word_1_124' title='bbox 152 2293 259 2340; x_wconf 84' lang='lat' dir='ltr'><strong>cerum</strong></span> <span class='ocrx_word' id='word_1_125' title='bbox 272 2294 370 2340; x_wconf 87' lang='lat' dir='ltr'><strong>suum</strong></span> <span class='ocrx_word' id='word_1_126' title='bbox 384 2271 577 2356; x_wconf 71' lang='lat' dir='ltr'><strong>Agricolam</strong></span> <span class='ocrx_word' id='word_1_127' title='bbox 594 2273 726 2337; x_wconf 82' lang='lat' dir='ltr'><strong>decimo</strong></span> <span class='ocrx_word' id='word_1_128' title='bbox 748 2270 920 2340; x_wconf 86' lang='lat' dir='ltr'><strong>Kulcndus</strong></span> <span class='ocrx_word' id='word_1_129' title='bbox 934 2272 1149 2357; x_wconf 81' lang='lat' dir='ltr'><strong>Septembris,</strong></span> <span class='ocrx_word' id='word_1_130' title='bbox 1164 2289 1250 2337; x_wconf 83' lang='lat' dir='ltr'><strong>enno</strong></span> 
     </span>
     <span class='ocr_line' id='line_1_20' title="bbox 152 2372 1251 2455; baseline 0.001 -15"><span class='ocrx_word' id='word_1_131' title='bbox 152 2375 253 2442; x_wconf 86' lang='lat' dir='ltr'><strong>Urbis</strong></span> <span class='ocrx_word' id='word_1_132' title='bbox 268 2374 420 2441; x_wconf 82' lang='lat' dir='ltr'><strong>Couditae</strong></span> <span class='ocrx_word' id='word_1_133' title='bbox 441 2373 519 2440; x_wconf 82' lang='grc'><strong>846.</strong></span> <span class='ocrx_word' id='word_1_134' title='bbox 532 2378 668 2438; x_wconf 89' lang='lat' dir='ltr'><strong>mortem</strong></span> <span class='ocrx_word' id='word_1_135' title='bbox 682 2372 825 2455; x_wconf 81' lang='lat' dir='ltr'><strong>obiisse3</strong></span> <span class='ocrx_word' id='word_1_136' title='bbox 846 2380 891 2453; x_wconf 90' lang='lat' dir='ltr'><strong>et,</strong></span> <span class='ocrx_word' id='word_1_137' title='bbox 913 2379 949 2442; x_wconf 90' lang='lat' dir='ltr'><strong>ut</strong></span> <span class='ocrx_word' id='word_1_138' title='bbox 966 2374 1055 2440; x_wconf 81' lang='lat' dir='ltr'><strong>sume</strong></span> <span class='ocrx_word' id='word_1_139' title='bbox 1074 2381 1156 2455; x_wconf 79' lang='lat' dir='ltr'><strong>erut,</strong></span> <span class='ocrx_word' id='word_1_140' title='bbox 1179 2375 1251 2442; x_wconf 92' lang='lat' dir='ltr'><strong>Do-</strong></span> 
     </span>
     <span class='ocr_line' id='line_1_21' title="bbox 145 2478 670 2561; baseline -0.008 -18"><span class='ocrx_word' id='word_1_141' title='bbox 145 2479 275 2545; x_wconf 74' lang='lat' dir='ltr'><strong>mitiani</strong></span> <span class='ocrx_word' id='word_1_142' title='bbox 286 2496 416 2544; x_wconf 82' lang='lat' dir='ltr'><strong>veneno</strong></span> <span class='ocrx_word' id='word_1_143' title='bbox 429 2478 670 2561; x_wconf 61' lang='lat' dir='ltr'><strong>interceptoris</strong></span> 
     </span>
    </p>

    <p class='ocr_par' dir='ltr' id='par_1_4' title="bbox 143 2578 1252 3379">
     <span class='ocr_line' id='line_1_22' title="bbox 144 2578 1251 2665; baseline -0.005 -15"><span class='ocrx_word' id='word_1_144' title='bbox 144 2639 150 2650; x_wconf 91' lang='lat'>.</span> <span class='ocrx_word' id='word_1_145' title='bbox 192 2581 232 2646; x_wconf 89' lang='lat' dir='ltr'><strong>In</strong></span> <span class='ocrx_word' id='word_1_146' title='bbox 247 2578 374 2645; x_wconf 89' lang='lat' dir='ltr'><strong>Urbem</strong></span> <span class='ocrx_word' id='word_1_147' title='bbox 388 2584 459 2643; x_wconf 89' lang='lat' dir='ltr'><strong>tum</strong></span> <span class='ocrx_word' id='word_1_148' title='bbox 480 2596 647 2656; x_wconf 85' lang='lat' dir='ltr'><strong>reversus,</strong></span> <span class='ocrx_word' id='word_1_149' title='bbox 664 2578 856 2663; x_wconf 86' lang='lat' dir='ltr'><strong>Principem</strong></span> <span class='ocrx_word' id='word_1_150' title='bbox 876 2579 1009 2663; x_wconf 85' lang='lat' dir='ltr'><strong>reperit,</strong></span> <span class='ocrx_word' id='word_1_151' title='bbox 1032 2599 1100 2644; x_wconf 89' lang='lat' dir='ltr'><strong>uon</strong></span> <span class='ocrx_word' id='word_1_152' title='bbox 1115 2581 1190 2665; x_wconf 81' lang='lat' dir='ltr'><strong>jem</strong></span> <span class='ocrx_word' id='word_1_153' title='bbox 1202 2580 1251 2644; x_wconf 89' lang='lat' dir='ltr'><strong>iu·</strong></span> 
     </span>
     <span class='ocr_line' id='line_1_23' title="bbox 151 2680 1251 2765; baseline -0.002 -17"><span class='ocrx_word' id='word_1_154' title='bbox 151 2681 254 2761; x_wconf 81' lang='lat' dir='ltr'><strong>sidiis,</strong></span> <span class='ocrx_word' id='word_1_155' title='bbox 268 2681 330 2746; x_wconf 86' lang='lat' dir='ltr'><strong>sed</strong></span> <span class='ocrx_word' id='word_1_156' title='bbox 352 2680 658 2765; x_wconf 89' lang='lat' dir='ltr'><strong>publicobonorum</strong></span> <span class='ocrx_word' id='word_1_157' title='bbox 674 2681 753 2746; x_wconf 90' lang='lat' dir='ltr'><strong>odio</strong></span> <span class='ocrx_word' id='word_1_158' title='bbox 766 2682 920 2764; x_wconf 84' lang='lat' dir='ltr'><strong>ferocem.</strong></span> <span class='ocrx_word' id='word_1_159' title='bbox 963 2681 1060 2746; x_wconf 89' lang='lat' dir='ltr'><strong>Vidit</strong></span> <span class='ocrx_word' id='word_1_160' title='bbox 1078 2681 1251 2746; x_wconf 82' lang='lat' dir='ltr'><strong>obsessam</strong></span> 
     </span>
     <span class='ocr_line' id='line_1_24' title="bbox 151 2783 1252 2862; baseline -0.004 -10"><span class='ocrx_word' id='word_1_161' title='bbox 151 2785 284 2862; x_wconf 77' lang='lat' dir='ltr'><strong>curium,</strong></span> <span class='ocrx_word' id='word_1_162' title='bbox 307 2783 459 2849; x_wconf 78' lang='lat' dir='ltr'><strong>clausum</strong></span> <span class='ocrx_word' id='word_1_163' title='bbox 483 2784 585 2847; x_wconf 80' lang='lat' dir='ltr'><strong>ermis</strong></span> <span class='ocrx_word' id='word_1_164' title='bbox 610 2789 771 2862; x_wconf 80' lang='lat' dir='ltr'><strong>senatum,</strong></span> <span class='ocrx_word' id='word_1_165' title='bbox 795 2788 962 2848; x_wconf 75' lang='lat' dir='ltr'><strong>senatores</strong></span> <span class='ocrx_word' id='word_1_166' title='bbox 984 2784 1019 2847; x_wconf 91' lang='lat' dir='ltr'><strong>in</strong></span> <span class='ocrx_word' id='word_1_167' title='bbox 1042 2801 1208 2848; x_wconf 73' lang='lat' dir='ltr'><strong>carcerem</strong></span> <span class='ocrx_word' id='word_1_168' title='bbox 1230 2803 1252 2848; x_wconf 85' lang='lat' dir='ltr'><strong>u</strong></span> 
     </span>
     <span class='ocr_line' id='line_1_25' title="bbox 143 2885 1252 2971; baseline 0.001 -20"><span class='ocrx_word' id='word_1_169' title='bbox 143 2886 355 2965; x_wconf 57' lang='lat' dir='ltr'><strong>,sanioribus</strong></span> <span class='ocrx_word' id='word_1_170' title='bbox 363 2885 494 2963; x_wconf 88' lang='lat' dir='ltr'><strong>ductos,</strong></span> <span class='ocrx_word' id='word_1_171' title='bbox 509 2888 568 2949; x_wconf 82' lang='lat' dir='ltr'><strong>aut</strong></span> <span class='ocrx_word' id='word_1_172' title='bbox 581 2885 748 2951; x_wconf 86' lang='lat' dir='ltr'><strong>innocenti</strong></span> <span class='ocrx_word' id='word_1_173' title='bbox 766 2886 920 2971; x_wconf 82' lang='lat' dir='ltr'><strong>perfusos</strong></span> <span class='ocrx_word' id='word_1_174' title='bbox 937 2885 1108 2969; x_wconf 77' lang='lat' dir='ltr'><strong>sunguine.</strong></span> <span class='ocrx_word' id='word_1_175' title='bbox 1151 2885 1252 2952; x_wconf 75' lang='lat' dir='ltr'><strong>Tulin</strong></span> 
     </span>
     <span class='ocr_line' id='line_1_26' title="bbox 145 2986 1249 3072; baseline 0.003 -21"><span class='ocrx_word' id='word_1_176' title='bbox 145 2986 316 3071; x_wconf 45' lang='lat' dir='ltr'><strong>,Principis</strong></span> <span class='ocrx_word' id='word_1_177' title='bbox 344 2993 546 3071; x_wconf 67' lang='lat' dir='ltr'><strong>mutumne</strong></span> <span class='ocrx_word' id='word_1_178' title='bbox 574 2988 752 3071; x_wconf 81' lang='lat' dir='ltr'><strong>opprobrie</strong></span> <span class='ocrx_word' id='word_1_179' title='bbox 773 2988 911 3065; x_wconf 82' lang='lat' dir='ltr'><strong>vidisse,</strong></span> <span class='ocrx_word' id='word_1_180' title='bbox 939 2987 1048 3072; x_wconf 89' lang='lat' dir='ltr'><strong>iisque</strong></span> <span class='ocrx_word' id='word_1_181' title='bbox 1073 2987 1249 3054; x_wconf 71' lang='lat' dir='ltr'><strong>senatorius</strong></span> 
     </span>
     <span class='ocr_line' id='line_1_27' title="bbox 145 3087 1250 3174; baseline 0.001 -20"><span class='ocrx_word' id='word_1_182' title='bbox 145 3087 316 3174; x_wconf 72' lang='lat' dir='ltr'><strong>dignitutm</strong></span> <span class='ocrx_word' id='word_1_183' title='bbox 323 3089 522 3170; x_wconf 70' lang='lat' dir='ltr'><strong>uecessitute</strong></span> <span class='ocrx_word' id='word_1_184' title='bbox 529 3089 716 3155; x_wconf 82' lang='lat' dir='ltr'><strong>interfuisse</strong></span> <span class='ocrx_word' id='word_1_185' title='bbox 727 3091 776 3157; x_wconf 82' lang='lat' dir='ltr'><strong>ita</strong></span> <span class='ocrx_word' id='word_1_186' title='bbox 783 3089 986 3168; x_wconf 84' lang='lat' dir='ltr'><strong>inhorrescit,</strong></span> <span class='ocrx_word' id='word_1_187' title='bbox 995 3091 1250 3168; x_wconf 78' lang='lat' dir='ltr'><strong>utvelcncom·</strong></span> 
     </span>
     <span class='ocr_line' id='line_1_28' title="bbox 148 3190 1249 3276; baseline 0.002 -20"><span class='ocrx_word' id='word_1_188' title='bbox 148 3190 373 3270; x_wconf 80' lang='lat' dir='ltr'><strong>memorando,</strong></span> <span class='ocrx_word' id='word_1_189' title='bbox 399 3211 436 3256; x_wconf 90' lang='lat' dir='ltr'><strong>sc</strong></span> <span class='ocrx_word' id='word_1_190' title='bbox 457 3192 575 3276; x_wconf 77' lang='lat' dir='ltr'><strong>flagitii</strong></span> <span class='ocrx_word' id='word_1_191' title='bbox 594 3211 655 3257; x_wconf 91' lang='lat' dir='ltr'><strong>nec</strong></span> <span class='ocrx_word' id='word_1_192' title='bbox 669 3194 865 3272; x_wconf 63' lang='lat' dir='ltr'><strong>ministrum</strong></span> <span class='ocrx_word' id='word_1_193' title='bbox 887 3209 1155 3270; x_wconf 79' lang='lat' dir='ltr'><strong>ncosuesorem,</strong></span> <span class='ocrx_word' id='word_1_194' title='bbox 1177 3212 1249 3258; x_wconf 90' lang='lat' dir='ltr'><strong>um·</strong></span> 
     </span>
     <span class='ocr_line' id='line_1_29' title="bbox 145 3294 678 3379; baseline 0 -19"><span class='ocrx_word' id='word_1_195' title='bbox 145 3312 250 3377; x_wconf 71' lang='lat' dir='ltr'><strong>,quum</strong></span> <span class='ocrx_word' id='word_1_196' title='bbox 259 3294 363 3359; x_wconf 79' lang='lat' dir='ltr'><strong>fuisse</strong></span> <span class='ocrx_word' id='word_1_197' title='bbox 375 3295 460 3360; x_wconf 78' lang='lat' dir='ltr'><strong>sutis</strong></span> <span class='ocrx_word' id='word_1_198' title='bbox 474 3295 678 3379; x_wconf 79' lang='lat' dir='ltr'><strong>prodiderit.0</strong></span> 
     </span>
    </p>

    <p class='ocr_par' dir='ltr' id='par_1_5' title="bbox 144 3394 1252 3790">
     <span class='ocr_line' id='line_1_30' title="bbox 151 3394 1249 3484; baseline 0.005 -25"><span class='ocrx_word' id='word_1_199' title='bbox 151 3475 156 3484; x_wconf 24' lang='grc' dir='ltr'>ι</span> <span class='ocrx_word' id='word_1_200' title='bbox 191 3394 302 3462; x_wconf 81' lang='lat' dir='ltr'><strong>Foedu</strong></span> <span class='ocrx_word' id='word_1_201' title='bbox 315 3396 519 3474; x_wconf 84' lang='lat' dir='ltr'><strong>criminibus,</strong></span> <span class='ocrx_word' id='word_1_202' title='bbox 532 3396 624 3463; x_wconf 91' lang='lat' dir='ltr'><strong>luctu</strong></span> <span class='ocrx_word' id='word_1_203' title='bbox 638 3402 761 3466; x_wconf 82' lang='lat' dir='ltr'><strong>moestu</strong></span> <span class='ocrx_word' id='word_1_204' title='bbox 774 3400 923 3482; x_wconf 82' lang='lat' dir='ltr'><strong>temporo</strong></span> <span class='ocrx_word' id='word_1_205' title='bbox 937 3396 1134 3463; x_wconf 70' lang='lat' dir='ltr'><strong>exbilurudt</strong></span> <span class='ocrx_word' id='word_1_206' title='bbox 1152 3396 1249 3464; x_wconf 82' lang='lat' dir='ltr'><strong>Priu-</strong></span> 
     </span>
     <span class='ocr_line' id='line_1_31' title="bbox 149 3496 1249 3581; baseline 0.006 -21"><span class='ocrx_word' id='word_1_207' title='bbox 149 3514 229 3581; x_wconf 83' lang='lat' dir='ltr'><strong>ceps</strong></span> <span class='ocrx_word' id='word_1_208' title='bbox 251 3496 367 3562; x_wconf 77' lang='lat' dir='ltr'><strong>Nerva</strong></span> <span class='ocrx_word' id='word_1_209' title='bbox 387 3515 473 3562; x_wconf 82' lang='lat' dir='ltr'><strong>enno</strong></span> <span class='ocrx_word' id='word_1_210' title='bbox 495 3496 598 3564; x_wconf 86' lang='lat' dir='ltr'><strong>Urbis</strong></span> <span class='ocrx_word' id='word_1_211' title='bbox 621 3496 775 3565; x_wconf 79' lang='lat' dir='ltr'><strong>Conditus</strong></span> <span class='ocrx_word' id='word_1_212' title='bbox 800 3500 876 3566; x_wconf 78' lang='grc'><strong>849.</strong></span> <span class='ocrx_word' id='word_1_213' title='bbox 903 3499 992 3566; x_wconf 80' lang='lat' dir='ltr'><strong>Tum</strong></span> <span class='ocrx_word' id='word_1_214' title='bbox 1015 3499 1121 3564; x_wconf 88' lang='lat' dir='ltr'><strong>redirc</strong></span> <span class='ocrx_word' id='word_1_215' title='bbox 1137 3498 1249 3567; x_wconf 82' lang='lat' dir='ltr'><strong>virtuti</strong></span> 
     </span>
     <span class='ocr_line' id='line_1_32' title="bbox 144 3600 1252 3688; baseline -0.001 -21"><span class='ocrx_word' id='word_1_216' title='bbox 144 3601 262 3680; x_wconf 79' lang='lat' dir='ltr'><strong>decus,</strong></span> <span class='ocrx_word' id='word_1_217' title='bbox 275 3603 368 3668; x_wconf 80' lang='lat' dir='ltr'><strong>vidis</strong></span> <span class='ocrx_word' id='word_1_218' title='bbox 381 3600 530 3682; x_wconf 83' lang='lat' dir='ltr'><strong>ininmiu,</strong></span> <span class='ocrx_word' id='word_1_219' title='bbox 550 3603 666 3668; x_wconf 88' lang='lat' dir='ltr'><strong>sceleri</strong></span> <span class='ocrx_word' id='word_1_220' title='bbox 680 3604 831 3674; x_wconf 84' lang='lat' dir='ltr'><strong>exitium.</strong></span> <span class='ocrx_word' id='word_1_221' title='bbox 873 3602 1062 3688; x_wconf 80' lang='lat' dir='ltr'><strong>Auspicatu</strong></span> <span class='ocrx_word' id='word_1_222' title='bbox 1080 3602 1252 3686; x_wconf 85' lang='lat' dir='ltr'><strong>principu-</strong></span> 
     </span>
     <span class='ocr_line' id='line_1_33' title="bbox 146 3701 1250 3790; baseline 0.001 -24"><span class='ocrx_word' id='word_1_223' title='bbox 146 3707 203 3780; x_wconf 83' lang='lat' dir='ltr'><strong>tus</strong></span> <span class='ocrx_word' id='word_1_224' title='bbox 216 3703 310 3769; x_wconf 79' lang='lat' dir='ltr'><strong>initis</strong></span> <span class='ocrx_word' id='word_1_225' title='bbox 323 3703 494 3786; x_wconf 76' lang='lat' dir='ltr'><strong>insignivit</strong></span> <span class='ocrx_word' id='word_1_226' title='bbox 506 3704 683 3787; x_wconf 73' lang='lat' dir='ltr'><strong>singularis</strong></span> <span class='ocrx_word' id='word_1_227' title='bbox 697 3705 900 3772; x_wconf 69' lang='lat' dir='ltr'><strong>constrictus.</strong></span> <span class='ocrx_word' id='word_1_228' title='bbox 943 3706 1147 3790; x_wconf 72' lang='lat' dir='ltr'><strong>Dignitatem</strong></span> <span class='ocrx_word' id='word_1_229' title='bbox 1163 3701 1250 3767; x_wconf 85' lang='lat' dir='ltr'><strong>euim</strong></span> 
     </span>
    </p>
   </div>
   <div class='ocr_carea' id='block_1_3' title="bbox 642 3895 753 3949">
    <p class='ocr_par' dir='ltr' id='par_1_6' title="bbox 642 3895 753 3949">
     <span class='ocr_line' id='line_1_34' title="bbox 642 3895 753 3949; baseline -0.027 0"><span class='ocrx_word' id='word_1_230' title='bbox 642 3895 753 3949; x_wconf 80' lang='lat' dir='ltr'>NOTAE</span> 
     </span>
    </p>
   </div>
   <div class='ocr_carea' id='block_1_4' title="bbox 144 4025 1183 4236">
    <p class='ocr_par' dir='ltr' id='par_1_7' title="bbox 144 4025 1183 4236">
     <span class='ocr_line' id='line_1_35' title="bbox 180 4025 1183 4101; baseline 0.002 -22"><span class='ocrx_word' id='word_1_231' title='bbox 180 4025 479 4095; x_wconf 56' lang='lat' dir='ltr'><strong>intumuerunt</strong></span> <span class='ocrx_word' id='word_1_232' title='bbox 718 4049 770 4101; x_wconf 88' lang='lat' dir='ltr'><strong>que</strong></span> <span class='ocrx_word' id='word_1_233' title='bbox 782 4029 1090 4086; x_wconf 57' lang='lat' dir='ltr'><strong>santuanensi</strong></span> <span class='ocrx_word' id='word_1_234' title='bbox 1102 4044 1183 4095; x_wconf 71' lang='lat' dir='ltr'><strong>sepe.</strong></span> 
     </span>
     <span class='ocr_line' id='line_1_36' title="bbox 184 4103 1167 4171; baseline 0.001 -16"><span class='ocrx_word' id='word_1_235' title='bbox 184 4103 286 4156; x_wconf 71' lang='lat' dir='ltr'><strong>‘Tacit</strong></span> <span class='ocrx_word' id='word_1_236' title='bbox 296 4106 367 4157; x_wconf 84' lang='lat' dir='ltr'><strong>Hist.</strong></span> <span class='ocrx_word' id='word_1_237' title='bbox 380 4120 401 4157; x_wconf 86' lang='lat' dir='ltr'><strong>r.</strong></span> <span class='ocrx_word' id='word_1_238' title='bbox 413 4109 436 4156; x_wconf 89' lang='lat'><strong>1.</strong></span> <span class='ocrx_word' id='word_1_239' title='bbox 750 4118 768 4144; x_wconf 83' lang='lat'><strong>¹¹</strong></span> <span class='ocrx_word' id='word_1_240' title='bbox 778 4109 861 4161; x_wconf 75' lang='lat' dir='ltr'><strong>Tseit.</strong></span> <span class='ocrx_word' id='word_1_241' title='bbox 868 4109 923 4160; x_wconf 79' lang='lat' dir='ltr'><strong>Vit.</strong></span> <span class='ocrx_word' id='word_1_242' title='bbox 932 4107 998 4171; x_wconf 71' lang='lat' dir='ltr'><strong>Agr.</strong></span> <span class='ocrx_word' id='word_1_243' title='bbox 1008 4121 1032 4157; x_wconf 83' lang='lat' dir='ltr'><strong>c.</strong></span> <span class='ocrx_word' id='word_1_244' title='bbox 1043 4109 1076 4158; x_wconf 71' lang='lat' dir='ltr'><strong>rt</strong></span> <span class='ocrx_word' id='word_1_245' title='bbox 1086 4112 1115 4158; x_wconf 84' lang='lat' dir='ltr'><strong>et</strong></span> <span class='ocrx_word' id='word_1_246' title='bbox 1124 4110 1167 4158; x_wconf 79' lang='lat' dir='ltr'><strong>m.</strong></span> 
     </span>
     <span class='ocr_line' id='line_1_37' title="bbox 144 4177 1021 4236; baseline 0.005 -8"><span class='ocrx_word' id='word_1_247' title='bbox 144 4219 151 4228; x_wconf 88' lang='lat'><em>.</em></span> <span class='ocrx_word' id='word_1_248' title='bbox 181 4177 290 4231; x_wconf 65' lang='lat' dir='ltr'><strong>*Touo</strong></span> <span class='ocrx_word' id='word_1_249' title='bbox 301 4179 395 4233; x_wconf 75' lang='lat' dir='ltr'><strong>Annei.</strong></span> <span class='ocrx_word' id='word_1_250' title='bbox 407 4195 448 4232; x_wconf 82' lang='lat' dir='ltr'><strong>n.</strong></span> <span class='ocrx_word' id='word_1_251' title='bbox 462 4185 502 4235; x_wconf 84' lang='lat'><strong>11.</strong></span> <span class='ocrx_word' id='word_1_252' title='bbox 750 4193 763 4219; x_wconf 84' lang='lat'>¹</span> <span class='ocrx_word' id='word_1_253' title='bbox 773 4185 855 4236; x_wconf 75' lang='lat' dir='ltr'><strong>Tucit.</strong></span> <span class='ocrx_word' id='word_1_254' title='bbox 866 4182 930 4233; x_wconf 88' lang='lat' dir='ltr'><strong>ibid.</strong></span> <span class='ocrx_word' id='word_1_255' title='bbox 942 4195 968 4233; x_wconf 88' lang='lat' dir='ltr'><strong>c.</strong></span> <span class='ocrx_word' id='word_1_256' title='bbox 978 4185 1021 4232; x_wconf 72' lang='lat'><strong>⁴⁸.</strong></span> 
     </span>
    </p>
   </div>
   <div class='ocr_carea' id='block_1_5' title="bbox 188 4252 1044 4333">
    <p class='ocr_par' dir='ltr' id='par_1_8' title="bbox 188 4252 1044 4333">
     <span class='ocr_line' id='line_1_38' title="bbox 188 4252 1044 4333; baseline 0.004 -26"><span class='ocrx_word' id='word_1_257' title='bbox 188 4252 341 4310; x_wconf 69' lang='lat' dir='ltr'><strong>&#39;duetus</strong></span> <span class='ocrx_word' id='word_1_258' title='bbox 351 4258 517 4325; x_wconf 64' lang='lat' dir='ltr'><strong>Agrium</strong></span> <span class='ocrx_word' id='word_1_259' title='bbox 533 4261 608 4322; x_wconf 78' lang='lat' dir='ltr'><strong>idem</strong></span> <span class='ocrx_word' id='word_1_260' title='bbox 618 4278 680 4333; x_wconf 89' lang='lat' dir='ltr'><strong>quo·</strong></span> <span class='ocrx_word' id='word_1_261' title='bbox 750 4261 855 4315; x_wconf 69' lang='grc' dir='ltr'><strong>οΤιοίί.</strong></span> <span class='ocrx_word' id='word_1_262' title='bbox 866 4257 931 4313; x_wconf 86' lang='lat' dir='ltr'><strong>ibid.</strong></span> <span class='ocrx_word' id='word_1_263' title='bbox 946 4274 970 4312; x_wconf 82' lang='lat' dir='ltr'><strong>c.</strong></span> <span class='ocrx_word' id='word_1_264' title='bbox 980 4261 1022 4310; x_wconf 76' lang='lat' dir='ltr'><strong>tt.</strong></span> <span class='ocrx_word' id='word_1_265' title='bbox 1041 4293 1044 4298; x_wconf 89' lang='lat'>-</span> 
     </span>
    </p>
   </div>
   <div class='ocr_carea' id='block_1_6' title="bbox 0 0 1488 4867">
    <p class='ocr_par' dir='ltr' id='par_1_9' title="bbox 0 0 1488 4867">
     <span class='ocr_line' id='line_1_39' title="bbox 0 0 1488 4867; baseline 0 1"><span class='ocrx_word' id='word_1_266' title='bbox 0 0 1488 4867; x_wconf 95' lang='lat' dir='ltr'><strong> </strong></span> 
     </span>
    </p>
   </div>
  </div>
 </body>
</html>
