<?xml version="1.0" encoding="UTF-8"?>
<!DOCTYPE html PUBLIC "-//W3C//DTD XHTML 1.0 Transitional//EN"
    "http://www.w3.org/TR/xhtml1/DTD/xhtml1-transitional.dtd">
<html xmlns="http://www.w3.org/1999/xhtml" xml:lang="en" lang="en">
 <head>
  <title>
</title>
<meta http-equiv="Content-Type" content="text/html;charset=utf-8" />
  <meta name='ocr-system' content='tesseract 3.04.00' />
  <meta name='ocr-capabilities' content='ocr_page ocr_carea ocr_par ocr_line ocrx_word'/>
</head>
<body>
  <div class='ocr_page' id='page_1' title='image "./operaomnia00cassgoog/operaomnia00cassgoog_0032.png"; bbox 0 0 2967 4867; ppageno 0'>
   <div class='ocr_carea' id='block_1_1' title="bbox 265 378 923 444">
    <p class='ocr_par' dir='ltr' id='par_1_1' title="bbox 265 378 923 444">
     <span class='ocr_line' id='line_1_1' title="bbox 265 378 923 444; baseline -0.006 0"><span class='ocrx_word' id='word_1_1' title='bbox 265 378 310 444; x_wconf 77' lang='lat'><strong>18</strong></span> <span class='ocrx_word' id='word_1_2' title='bbox 716 391 763 439; x_wconf 86' lang='lat' dir='ltr'><strong>nn</strong></span> <span class='ocrx_word' id='word_1_3' title='bbox 786 389 923 440; x_wconf 78' lang='lat' dir='ltr'><strong>saorra</strong></span> 
     </span>
    </p>
   </div>
   <div class='ocr_carea' id='block_1_2' title="bbox 637 587 996 673">
    <p class='ocr_par' dir='ltr' id='par_1_2' title="bbox 637 587 996 673">
     <span class='ocr_line' id='line_1_2' title="bbox 637 587 996 673; baseline -0.008 -20"><span class='ocrx_word' id='word_1_4' title='bbox 637 588 741 653; x_wconf 80' lang='lat' dir='ltr'><strong>Lrlrro</strong></span> <span class='ocrx_word' id='word_1_5' title='bbox 756 605 806 652; x_wconf 82' lang='lat' dir='ltr'><strong>vr.</strong></span> <span class='ocrx_word' id='word_1_6' title='bbox 821 587 928 673; x_wconf 82' lang='lat' dir='ltr'><strong>Epist</strong></span> <span class='ocrx_word' id='word_1_7' title='bbox 942 590 996 654; x_wconf 88' lang='lat'><strong>16.</strong></span> 
     </span>
    </p>
   </div>
   <div class='ocr_carea' id='block_1_3' title="bbox 264 721 1362 1014">
    <p class='ocr_par' dir='ltr' id='par_1_3' title="bbox 264 721 1362 1014">
     <span class='ocr_line' id='line_1_3' title="bbox 308 721 1361 809; baseline 0.001 -20"><span class='ocrx_word' id='word_1_8' title='bbox 308 722 427 790; x_wconf 88' lang='lat' dir='ltr'><strong>‘Petis</strong></span> <span class='ocrx_word' id='word_1_9' title='bbox 455 721 609 788; x_wconf 77' lang='lat' dir='ltr'><strong>avunculi</strong></span> <span class='ocrx_word' id='word_1_10' title='bbox 636 722 701 786; x_wconf 85' lang='lat' dir='ltr'><strong>mei</strong></span> <span class='ocrx_word' id='word_1_11' title='bbox 727 722 853 786; x_wconf 82' lang='lat' dir='ltr'><strong>exitum</strong></span> <span class='ocrx_word' id='word_1_12' title='bbox 882 722 944 785; x_wconf 86' lang='lat' dir='ltr'><strong>tibi</strong></span> <span class='ocrx_word' id='word_1_13' title='bbox 973 723 1127 802; x_wconf 80' lang='lat' dir='ltr'><strong>scribam,</strong></span> <span class='ocrx_word' id='word_1_14' title='bbox 1155 745 1223 809; x_wconf 90' lang='lat' dir='ltr'><strong>quo</strong></span> <span class='ocrx_word' id='word_1_15' title='bbox 1249 727 1361 790; x_wconf 86' lang='lat' dir='ltr'><strong>verius</strong></span> 
     </span>
     <span class='ocr_line' id='line_1_4' title="bbox 264 820 1361 913; baseline -0.002 -20"><span class='ocrx_word' id='word_1_16' title='bbox 264 825 390 894; x_wconf 85' lang='lat' dir='ltr'><strong>tradere</strong></span> <span class='ocrx_word' id='word_1_17' title='bbox 413 824 555 909; x_wconf 73' lang='lat' dir='ltr'><strong>posteris</strong></span> <span class='ocrx_word' id='word_1_18' title='bbox 578 825 699 908; x_wconf 86' lang='lat' dir='ltr'><strong>possis.</strong></span> <span class='ocrx_word' id='word_1_19' title='bbox 758 820 891 887; x_wconf 79' lang='lat' dir='ltr'><strong>Gratias</strong></span> <span class='ocrx_word' id='word_1_20' title='bbox 917 840 997 906; x_wconf 85' lang='lat' dir='ltr'><strong>ago:</strong></span> <span class='ocrx_word' id='word_1_21' title='bbox 1014 843 1107 913; x_wconf 82' lang='lat' dir='ltr'><strong>¹nam</strong></span> <span class='ocrx_word' id='word_1_22' title='bbox 1130 825 1239 903; x_wconf 85' lang='lat' dir='ltr'><strong>video,</strong></span> <span class='ocrx_word' id='word_1_23' title='bbox 1262 827 1361 891; x_wconf 90' lang='lat' dir='ltr'><strong>morti</strong></span> 
     </span>
     <span class='ocr_line' id='line_1_5' title="bbox 265 924 1362 1014; baseline 0.001 -22"><span class='ocrx_word' id='word_1_24' title='bbox 265 930 348 1014; x_wconf 87' lang='lat' dir='ltr'><strong>ejus,</strong></span> <span class='ocrx_word' id='word_1_25' title='bbox 360 925 578 994; x_wconf 84' lang='lat' dir='ltr'><strong>sicelebretnr</strong></span> <span class='ocrx_word' id='word_1_26' title='bbox 588 945 609 989; x_wconf 90' lang='lat' dir='ltr'><strong>a</strong></span> <span class='ocrx_word' id='word_1_27' title='bbox 619 933 663 1003; x_wconf 89' lang='lat' dir='ltr'><strong>te,</strong></span> <span class='ocrx_word' id='word_1_28' title='bbox 677 924 894 988; x_wconf 74' lang='lat' dir='ltr'><strong>immortalem</strong></span> <span class='ocrx_word' id='word_1_29' title='bbox 903 924 1039 1007; x_wconf 79' lang='lat' dir='ltr'><strong>gloriam</strong></span> <span class='ocrx_word' id='word_1_30' title='bbox 1050 945 1125 992; x_wconf 89' lang='lat' dir='ltr'><strong>esse</strong></span> <span class='ocrx_word' id='word_1_31' title='bbox 1135 926 1362 1013; x_wconf 66' lang='lat' dir='ltr'><strong>propositam?</strong></span> 
     </span>
    </p>
   </div>
   <div class='ocr_carea' id='block_1_4' title="bbox 599 1123 1015 1192">
    <p class='ocr_par' dir='ltr' id='par_1_4' title="bbox 599 1123 1015 1192">
     <span class='ocr_line' id='line_1_6' title="bbox 599 1123 1015 1192; baseline -0.012 0"><span class='ocrx_word' id='word_1_32' title='bbox 599 1124 699 1192; x_wconf 86' lang='lat' dir='ltr'><strong>Libro</strong></span> <span class='ocrx_word' id='word_1_33' title='bbox 718 1123 1015 1190; x_wconf 86' lang='lat' dir='ltr'><strong>v11.adTacitnm.</strong></span> 
     </span>
    </p>
   </div>
   <div class='ocr_carea' id='block_1_5' title="bbox 262 1241 1360 1756">
    <p class='ocr_par' dir='ltr' id='par_1_5' title="bbox 262 1241 1360 1756">
     <span class='ocr_line' id='line_1_7' title="bbox 306 1241 1359 1343; baseline 0 -19"><span class='ocrx_word' id='word_1_34' title='bbox 306 1265 317 1294; x_wconf 88' lang='lat'><em>‘</em></span> <span class='ocrx_word' id='word_1_35' title='bbox 332 1259 404 1324; x_wconf 83' lang='lat' dir='ltr'><strong>Erit</strong></span> <span class='ocrx_word' id='word_1_36' title='bbox 417 1241 572 1324; x_wconf 59' lang='lat' dir='ltr'><strong>rarum&#39;et</strong></span> <span class='ocrx_word' id='word_1_37' title='bbox 584 1260 724 1341; x_wconf 77' lang='lat' dir='ltr'><strong>insigne,</strong></span> <span class='ocrx_word' id='word_1_38' title='bbox 734 1257 819 1322; x_wconf 89' lang='lat' dir='ltr'><strong>duos</strong></span> <span class='ocrx_word' id='word_1_39' title='bbox 833 1258 994 1337; x_wconf 87' lang='lat' dir='ltr'><strong>homines,</strong></span> <span class='ocrx_word' id='word_1_40' title='bbox 1008 1263 1106 1323; x_wconf 79' lang='lat' dir='ltr'><strong>aetatc</strong></span> <span class='ocrx_word' id='word_1_41' title='bbox 1119 1259 1359 1343; x_wconf 80' lang='lat' dir='ltr'><strong>propemodum</strong></span> 
     </span>
     <span class='ocr_line' id='line_1_8' title="bbox 264 1361 1359 1447; baseline -0.002 -20"><span class='ocrx_word' id='word_1_42' title='bbox 264 1363 424 1447; x_wconf 76' lang='lat' dir='ltr'><strong>aequales,</strong></span> <span class='ocrx_word' id='word_1_43' title='bbox 449 1381 513 1427; x_wconf 92' lang='lat' dir='ltr'><strong>non</strong></span> <span class='ocrx_word' id='word_1_44' title='bbox 538 1362 658 1425; x_wconf 90' lang='lat' dir='ltr'><strong>nullius</strong></span> <span class='ocrx_word' id='word_1_45' title='bbox 684 1362 719 1425; x_wconf 90' lang='lat' dir='ltr'><strong>in</strong></span> <span class='ocrx_word' id='word_1_46' title='bbox 746 1361 863 1425; x_wconf 85' lang='lat' dir='ltr'><strong>litteris</strong></span> <span class='ocrx_word' id='word_1_47' title='bbox 885 1361 1041 1437; x_wconf 90' lang='lat' dir='ltr'><strong>nominis,</strong></span> <span class='ocrx_word' id='word_1_48' title='bbox 1065 1361 1204 1425; x_wconf 84' lang='lat' dir='ltr'><strong>alterum</strong></span> <span class='ocrx_word' id='word_1_49' title='bbox 1227 1361 1359 1425; x_wconf 71' lang='lat' dir='ltr'><strong>alanus</strong></span> 
     </span>
     <span class='ocr_line' id='line_1_9' title="bbox 263 1459 1359 1546; baseline -0.002 -18"><span class='ocrx_word' id='word_1_50' title='bbox 263 1462 375 1529; x_wconf 85' lang='lat' dir='ltr'><strong>studia</strong></span> <span class='ocrx_word' id='word_1_51' title='bbox 386 1462 520 1526; x_wconf 85' lang='lat' dir='ltr'><strong>fovisse.</strong></span> <span class='ocrx_word' id='word_1_52' title='bbox 551 1459 712 1545; x_wconf 86' lang='lat' dir='ltr'><strong>Equidem</strong></span> <span class='ocrx_word' id='word_1_53' title='bbox 727 1461 1006 1539; x_wconf 88' lang='lat' dir='ltr'><strong>adolescentulus,</strong></span> <span class='ocrx_word' id='word_1_54' title='bbox 1021 1479 1097 1526; x_wconf 92' lang='lat' dir='ltr'><strong>cum</strong></span> <span class='ocrx_word' id='word_1_55' title='bbox 1109 1463 1182 1546; x_wconf 78' lang='lat' dir='ltr'><strong>Jam</strong></span> <span class='ocrx_word' id='word_1_56' title='bbox 1197 1468 1255 1526; x_wconf 87' lang='lat' dir='ltr'><strong>tua</strong></span> <span class='ocrx_word' id='word_1_57' title='bbox 1266 1462 1359 1527; x_wconf 83' lang='lat' dir='ltr'><strong>fama</strong></span> 
     </span>
     <span class='ocr_line' id='line_1_10' title="bbox 262 1562 1360 1650; baseline 0.001 -23"><span class='ocrx_word' id='word_1_58' title='bbox 262 1563 433 1648; x_wconf 81' lang='lat' dir='ltr'><strong>gloriaque</strong></span> <span class='ocrx_word' id='word_1_59' title='bbox 453 1562 593 1638; x_wconf 83' lang='lat' dir='ltr'><strong>floreret,</strong></span> <span class='ocrx_word' id='word_1_60' title='bbox 614 1568 646 1626; x_wconf 89' lang='lat' dir='ltr'><strong>te</strong></span> <span class='ocrx_word' id='word_1_61' title='bbox 660 1565 768 1646; x_wconf 90' lang='lat' dir='ltr'><strong>sequi,</strong></span> <span class='ocrx_word' id='word_1_62' title='bbox 784 1563 846 1627; x_wconf 86' lang='lat' dir='ltr'><strong>tibi</strong></span> <span class='ocrx_word' id='word_1_63' title='bbox 859 1564 970 1646; x_wconf 92' lang='lat' dir='ltr'><strong>longo,</strong></span> <span class='ocrx_word' id='word_1_64' title='bbox 985 1562 1046 1626; x_wconf 88' lang='lat' dir='ltr'><strong>scd</strong></span> <span class='ocrx_word' id='word_1_65' title='bbox 1069 1565 1239 1650; x_wconf 85' lang='lat' dir='ltr'><strong>proximus</strong></span> <span class='ocrx_word' id='word_1_66' title='bbox 1261 1564 1360 1628; x_wconf 89' lang='lat' dir='ltr'><strong>inter·</strong></span> 
     </span>
     <span class='ocr_line' id='line_1_11' title="bbox 262 1661 987 1756; baseline 0.003 -28"><span class='ocrx_word' id='word_1_67' title='bbox 262 1665 363 1744; x_wconf 76' lang='lat' dir='ltr'><strong>vallo,</strong></span> <span class='ocrx_word' id='word_1_68' title='bbox 375 1669 409 1729; x_wconf 84' lang='lat' dir='ltr'><strong>et</strong></span> <span class='ocrx_word' id='word_1_69' title='bbox 424 1683 498 1728; x_wconf 87' lang='lat' dir='ltr'><strong>esse</strong></span> <span class='ocrx_word' id='word_1_70' title='bbox 511 1669 545 1728; x_wconf 88' lang='lat' dir='ltr'><strong>et</strong></span> <span class='ocrx_word' id='word_1_71' title='bbox 557 1664 669 1752; x_wconf 74' lang='lat' dir='ltr'><strong>haberi</strong></span> <span class='ocrx_word' id='word_1_72' title='bbox 684 1661 987 1756; x_wconf 70' lang='lat' dir='ltr'><strong>concupiscebam?</strong></span> 
     </span>
    </p>
   </div>
   <div class='ocr_carea' id='block_1_6' title="bbox 726 1859 898 1925">
    <p class='ocr_par' dir='ltr' id='par_1_6' title="bbox 726 1859 898 1925">
     <span class='ocr_line' id='line_1_12' title="bbox 726 1859 898 1925; baseline -0.012 -2"><span class='ocrx_word' id='word_1_73' title='bbox 726 1859 829 1925; x_wconf 90' lang='lat' dir='ltr'><strong>Libro</strong></span> <span class='ocrx_word' id='word_1_74' title='bbox 843 1876 898 1923; x_wconf 87' lang='lat' dir='ltr'><strong>rx.</strong></span> 
     </span>
    </p>
   </div>
   <div class='ocr_carea' id='block_1_7' title="bbox 261 1991 1358 2383">
    <p class='ocr_par' dir='ltr' id='par_1_7' title="bbox 261 1991 1358 2383">
     <span class='ocr_line' id='line_1_13' title="bbox 305 1991 1357 2080; baseline 0.001 -20"><span class='ocrx_word' id='word_1_75' title='bbox 305 2000 316 2031; x_wconf 87' lang='lat'>‘</span> <span class='ocrx_word' id='word_1_76' title='bbox 331 1993 406 2060; x_wconf 90' lang='lat' dir='ltr'><strong>Nec</strong></span> <span class='ocrx_word' id='word_1_77' title='bbox 418 1997 492 2077; x_wconf 88' lang='lat' dir='ltr'><strong>ipse</strong></span> <span class='ocrx_word' id='word_1_78' title='bbox 505 1994 565 2058; x_wconf 88' lang='lat' dir='ltr'><strong>tibi</strong></span> <span class='ocrx_word' id='word_1_79' title='bbox 580 1991 730 2075; x_wconf 83' lang='lat' dir='ltr'><strong>plandis3</strong></span> <span class='ocrx_word' id='word_1_80' title='bbox 763 1996 795 2054; x_wconf 90' lang='lat' dir='ltr'><strong>et</strong></span> <span class='ocrx_word' id='word_1_81' title='bbox 808 2010 869 2073; x_wconf 88' lang='lat' dir='ltr'><strong>ego</strong></span> <span class='ocrx_word' id='word_1_82' title='bbox 889 1991 971 2057; x_wconf 86' lang='lat' dir='ltr'><strong>nihil</strong></span> <span class='ocrx_word' id='word_1_83' title='bbox 984 1994 1090 2076; x_wconf 88' lang='lat' dir='ltr'><strong>magis</strong></span> <span class='ocrx_word' id='word_1_84' title='bbox 1103 2013 1148 2058; x_wconf 81' lang='lat' dir='ltr'><strong>ex</strong></span> <span class='ocrx_word' id='word_1_85' title='bbox 1162 1993 1238 2072; x_wconf 89' lang='lat' dir='ltr'><strong>tide,</strong></span> <span class='ocrx_word' id='word_1_86' title='bbox 1254 2015 1357 2080; x_wconf 90' lang='lat' dir='ltr'><strong>qnam</strong></span> 
     </span>
     <span class='ocr_line' id='line_1_14' title="bbox 261 2092 1358 2175; baseline -0.002 -13"><span class='ocrx_word' id='word_1_87' title='bbox 261 2096 303 2162; x_wconf 91' lang='lat' dir='ltr'><strong>de</strong></span> <span class='ocrx_word' id='word_1_88' title='bbox 316 2102 348 2161; x_wconf 89' lang='lat' dir='ltr'><strong>te</strong></span> <span class='ocrx_word' id='word_1_89' title='bbox 362 2095 482 2159; x_wconf 87' lang='lat' dir='ltr'><strong>scribo.</strong></span> <span class='ocrx_word' id='word_1_90' title='bbox 527 2093 672 2158; x_wconf 84' lang='lat' dir='ltr'><strong>Posteris</strong></span> <span class='ocrx_word' id='word_1_91' title='bbox 693 2111 740 2156; x_wconf 89' lang='lat' dir='ltr'><strong>an</strong></span> <span class='ocrx_word' id='word_1_92' title='bbox 759 2092 875 2175; x_wconf 89' lang='lat' dir='ltr'><strong>aliqua</strong></span> <span class='ocrx_word' id='word_1_93' title='bbox 898 2111 977 2157; x_wconf 88' lang='lat' dir='ltr'><strong>cura</strong></span> <span class='ocrx_word' id='word_1_94' title='bbox 998 2096 1114 2172; x_wconf 89' lang='lat' dir='ltr'><strong>nostri,</strong></span> <span class='ocrx_word' id='word_1_95' title='bbox 1129 2097 1263 2161; x_wconf 86' lang='lat' dir='ltr'><strong>nescio:</strong></span> <span class='ocrx_word' id='word_1_96' title='bbox 1295 2116 1358 2162; x_wconf 87' lang='lat' dir='ltr'><strong>nos</strong></span> 
     </span>
     <span class='ocr_line' id='line_1_15' title="bbox 261 2193 1356 2282; baseline -0.002 -18"><span class='ocrx_word' id='word_1_97' title='bbox 261 2203 349 2264; x_wconf 77' lang='lat' dir='ltr'><strong>certe</strong></span> <span class='ocrx_word' id='word_1_98' title='bbox 370 2214 540 2271; x_wconf 85' lang='lat' dir='ltr'><strong>meremur,</strong></span> <span class='ocrx_word' id='word_1_99' title='bbox 563 2200 600 2270; x_wconf 80' lang='lat' dir='ltr'><strong>nt</strong></span> <span class='ocrx_word' id='word_1_100' title='bbox 624 2195 668 2258; x_wconf 87' lang='lat' dir='ltr'><strong>sit</strong></span> <span class='ocrx_word' id='word_1_101' title='bbox 690 2194 813 2277; x_wconf 87' lang='lat' dir='ltr'><strong>aliqua,</strong></span> <span class='ocrx_word' id='word_1_102' title='bbox 841 2213 907 2260; x_wconf 87' lang='lat' dir='ltr'><strong>non</strong></span> <span class='ocrx_word' id='word_1_103' title='bbox 933 2193 1010 2260; x_wconf 94' lang='lat' dir='ltr'><strong>dico</strong></span> <span class='ocrx_word' id='word_1_104' title='bbox 1033 2197 1163 2279; x_wconf 87' lang='lat' dir='ltr'><strong>ingenio</strong></span> <span class='ocrx_word' id='word_1_105' title='bbox 1191 2198 1241 2282; x_wconf 93' lang='lat' dir='ltr'><strong>(id</strong></span> <span class='ocrx_word' id='word_1_106' title='bbox 1269 2201 1356 2262; x_wconf 92' lang='lat' dir='ltr'><strong>enim</strong></span> 
     </span>
     <span class='ocr_line' id='line_1_16' title="bbox 262 2279 1314 2383; baseline -0.001 -20"><span class='ocrx_word' id='word_1_107' title='bbox 262 2297 451 2382; x_wconf 86' lang='lat' dir='ltr'><strong>superbum)</strong></span> <span class='ocrx_word' id='word_1_108' title='bbox 467 2294 527 2358; x_wconf 89' lang='lat' dir='ltr'><strong>sed</strong></span> <span class='ocrx_word' id='word_1_109' title='bbox 541 2279 664 2373; x_wconf 81' lang='lat' dir='ltr'><strong>studio,</strong></span> <span class='ocrx_word' id='word_1_110' title='bbox 679 2295 737 2358; x_wconf 89' lang='lat' dir='ltr'><strong>sed</strong></span> <span class='ocrx_word' id='word_1_111' title='bbox 748 2295 873 2372; x_wconf 86' lang='lat' dir='ltr'><strong>labora,</strong></span> <span class='ocrx_word' id='word_1_112' title='bbox 888 2301 921 2360; x_wconf 86' lang='lat' dir='ltr'><strong>et</strong></span> <span class='ocrx_word' id='word_1_113' title='bbox 933 2299 1113 2363; x_wconf 86' lang='lat' dir='ltr'><strong>reverentia</strong></span> <span class='ocrx_word' id='word_1_114' title='bbox 1126 2297 1314 2383; x_wconf 66' lang='lat' dir='ltr'><strong>posterum?</strong></span> 
     </span>
    </p>
   </div>
   <div class='ocr_carea' id='block_1_8' title="bbox 528 2431 1091 2547">
    <p class='ocr_par' dir='ltr' id='par_1_8' title="bbox 528 2431 1091 2547">
     <span class='ocr_line' id='line_1_17' title="bbox 528 2431 1091 2547; baseline 0.005 -23"><span class='ocrx_word' id='word_1_115' title='bbox 528 2457 667 2525; x_wconf 88' lang='lat' dir='ltr'><strong>Orosius</strong></span> <span class='ocrx_word' id='word_1_116' title='bbox 682 2460 723 2524; x_wconf 89' lang='lat' dir='ltr'><strong>de</strong></span> <span class='ocrx_word' id='word_1_117' title='bbox 738 2431 935 2527; x_wconf 77' lang='lat' dir='ltr'><strong>Domitiano</strong></span> <span class='ocrx_word' id='word_1_118' title='bbox 942 2463 1091 2547; x_wconf 90' lang='lat' dir='ltr'><strong>loquens.</strong></span> 
     </span>
    </p>
   </div>
   <div class='ocr_carea' id='block_1_9' title="bbox 258 2591 1356 3186">
    <p class='ocr_par' dir='ltr' id='par_1_9' title="bbox 258 2591 1356 3186">
     <span class='ocr_line' id='line_1_18' title="bbox 303 2591 1356 2681; baseline 0.004 -20"><span class='ocrx_word' id='word_1_119' title='bbox 303 2594 420 2661; x_wconf 87' lang='lat' dir='ltr'><strong>‘Nam</strong></span> <span class='ocrx_word' id='word_1_120' title='bbox 442 2598 564 2678; x_wconf 88' lang='lat' dir='ltr'><strong>quanta</strong></span> <span class='ocrx_word' id='word_1_121' title='bbox 585 2591 704 2657; x_wconf 85' lang='lat' dir='ltr'><strong>suerint</strong></span> <span class='ocrx_word' id='word_1_122' title='bbox 728 2592 926 2676; x_wconf 86' lang='lat' dir='ltr'><strong>Diurpanei,</strong></span> <span class='ocrx_word' id='word_1_123' title='bbox 952 2594 1121 2663; x_wconf 90' lang='lat' dir='ltr'><strong>Dacorum</strong></span> <span class='ocrx_word' id='word_1_124' title='bbox 1151 2598 1247 2681; x_wconf 84' lang='lat' dir='ltr'><strong>regis,</strong></span> <span class='ocrx_word' id='word_1_125' title='bbox 1278 2620 1356 2665; x_wconf 90' lang='lat' dir='ltr'><strong>cnm</strong></span> 
     </span>
     <span class='ocr_line' id='line_1_19' title="bbox 261 2695 1356 2782; baseline 0.001 -17"><span class='ocrx_word' id='word_1_126' title='bbox 261 2698 374 2765; x_wconf 84' lang='lat' dir='ltr'><strong>Fusco</strong></span> <span class='ocrx_word' id='word_1_127' title='bbox 398 2696 482 2761; x_wconf 85' lang='lat' dir='ltr'><strong>duce</strong></span> <span class='ocrx_word' id='word_1_128' title='bbox 505 2695 629 2779; x_wconf 84' lang='lat' dir='ltr'><strong>praelia,</strong></span> <span class='ocrx_word' id='word_1_129' title='bbox 654 2701 854 2780; x_wconf 79' lang='lat' dir='ltr'><strong>quantaeque</strong></span> <span class='ocrx_word' id='word_1_130' title='bbox 880 2695 980 2760; x_wconf 87' lang='lat' dir='ltr'><strong>Rom.</strong></span> <span class='ocrx_word' id='word_1_131' title='bbox 1006 2697 1130 2775; x_wconf 89' lang='lat' dir='ltr'><strong>clades,</strong></span> <span class='ocrx_word' id='word_1_132' title='bbox 1155 2699 1255 2782; x_wconf 88' lang='lat' dir='ltr'><strong>longo</strong></span> <span class='ocrx_word' id='word_1_133' title='bbox 1277 2720 1356 2766; x_wconf 89' lang='lat' dir='ltr'><strong>con·</strong></span> 
     </span>
     <span class='ocr_line' id='line_1_20' title="bbox 259 2795 1356 2883; baseline 0.001 -16"><span class='ocrx_word' id='word_1_134' title='bbox 259 2806 353 2867; x_wconf 79' lang='lat' dir='ltr'><strong>tsxtu</strong></span> <span class='ocrx_word' id='word_1_135' title='bbox 377 2798 574 2874; x_wconf 82' lang='lat' dir='ltr'><strong>evolverem,</strong></span> <span class='ocrx_word' id='word_1_136' title='bbox 596 2795 661 2860; x_wconf 87' lang='lat' dir='ltr'><strong>nisi</strong></span> <span class='ocrx_word' id='word_1_137' title='bbox 695 2795 795 2861; x_wconf 81' lang='lat' dir='ltr'><strong>Cain·</strong></span> <span class='ocrx_word' id='word_1_138' title='bbox 829 2796 978 2877; x_wconf 78' lang='lat' dir='ltr'><strong>Tacitus,</strong></span> <span class='ocrx_word' id='word_1_139' title='bbox 1003 2801 1062 2883; x_wconf 86' lang='lat' dir='ltr'><strong>qni</strong></span> <span class='ocrx_word' id='word_1_140' title='bbox 1082 2799 1167 2866; x_wconf 86' lang='lat' dir='ltr'><strong>hanc</strong></span> <span class='ocrx_word' id='word_1_141' title='bbox 1185 2799 1356 2868; x_wconf 78' lang='lat' dir='ltr'><strong>ldstorinm</strong></span> 
     </span>
     <span class='ocr_line' id='line_1_21' title="bbox 260 2898 1355 2985; baseline 0.003 -20"><span class='ocrx_word' id='word_1_142' title='bbox 260 2900 505 2985; x_wconf 79' lang='lat' dir='ltr'><strong>diligentissime</strong></span> <span class='ocrx_word' id='word_1_143' title='bbox 520 2898 698 2977; x_wconf 77' lang='lat' dir='ltr'><strong>contexuit,</strong></span> <span class='ocrx_word' id='word_1_144' title='bbox 714 2899 756 2962; x_wconf 89' lang='lat' dir='ltr'><strong>de</strong></span> <span class='ocrx_word' id='word_1_145' title='bbox 770 2899 937 2964; x_wconf 84' lang='lat' dir='ltr'><strong>reticendo</strong></span> <span class='ocrx_word' id='word_1_146' title='bbox 951 2900 1194 2968; x_wconf 77' lang='lat' dir='ltr'><strong>interfectorum</strong></span> <span class='ocrx_word' id='word_1_147' title='bbox 1208 2922 1355 2982; x_wconf 69' lang='lat' dir='ltr'><strong>nummo,</strong></span> 
     </span>
     <span class='ocr_line' id='line_1_22' title="bbox 259 2998 1355 3088; baseline 0.002 -21"><span class='ocrx_word' id='word_1_148' title='bbox 259 3010 292 3067; x_wconf 88' lang='lat' dir='ltr'><strong>et</strong></span> <span class='ocrx_word' id='word_1_149' title='bbox 320 3001 512 3067; x_wconf 83' lang='lat' dir='ltr'><strong>Sallustium</strong></span> <span class='ocrx_word' id='word_1_150' title='bbox 540 2998 706 3083; x_wconf 86' lang='lat' dir='ltr'><strong>Crispum,</strong></span> <span class='ocrx_word' id='word_1_151' title='bbox 736 3006 770 3064; x_wconf 89' lang='lat' dir='ltr'><strong>et</strong></span> <span class='ocrx_word' id='word_1_152' title='bbox 797 3001 882 3064; x_wconf 89' lang='lat' dir='ltr'><strong>alios</strong></span> <span class='ocrx_word' id='word_1_153' title='bbox 911 3007 1059 3066; x_wconf 82' lang='lat' dir='ltr'><strong>auctores</strong></span> <span class='ocrx_word' id='word_1_154' title='bbox 1095 3005 1355 3088; x_wconf 86' lang='lat' dir='ltr'><strong>quamplurimos</strong></span> 
     </span>
     <span class='ocr_line' id='line_1_23' title="bbox 258 3099 1289 3186; baseline 0.002 -18"><span class='ocrx_word' id='word_1_155' title='bbox 258 3102 424 3178; x_wconf 82' lang='lat' dir='ltr'><strong>sanxisse,</strong></span> <span class='ocrx_word' id='word_1_156' title='bbox 438 3105 470 3163; x_wconf 89' lang='lat' dir='ltr'><strong>et</strong></span> <span class='ocrx_word' id='word_1_157' title='bbox 483 3100 629 3184; x_wconf 88' lang='lat' dir='ltr'><strong>seipsum</strong></span> <span class='ocrx_word' id='word_1_158' title='bbox 643 3099 729 3164; x_wconf 86' lang='lat' dir='ltr'><strong>idem</strong></span> <span class='ocrx_word' id='word_1_159' title='bbox 742 3101 952 3183; x_wconf 88' lang='lat' dir='ltr'><strong>potissimum</strong></span> <span class='ocrx_word' id='word_1_160' title='bbox 966 3101 1114 3186; x_wconf 83' lang='lat' dir='ltr'><strong>elegisse,</strong></span> <span class='ocrx_word' id='word_1_161' title='bbox 1129 3103 1289 3171; x_wconf 65' lang='lat' dir='ltr'><strong>dixisset?</strong></span> 
     </span>
    </p>
   </div>
   <div class='ocr_carea' id='block_1_10' title="bbox 757 3266 851 3333">
    <p class='ocr_par' dir='ltr' id='par_1_10' title="bbox 757 3266 851 3333">
     <span class='ocr_line' id='line_1_24' title="bbox 757 3266 851 3333; baseline 0.011 -1"><span class='ocrx_word' id='word_1_162' title='bbox 757 3266 851 3333; x_wconf 85' lang='lat' dir='ltr'><strong>Idem</strong></span> 
     </span>
    </p>
   </div>
   <div class='ocr_carea' id='block_1_11' title="bbox 255 3399 1354 3794">
    <p class='ocr_par' dir='ltr' id='par_1_11' title="bbox 255 3399 1354 3794">
     <span class='ocr_line' id='line_1_25' title="bbox 300 3399 1354 3486; baseline 0 -18"><span class='ocrx_word' id='word_1_163' title='bbox 300 3403 422 3481; x_wconf 88' lang='lat' dir='ltr'><strong>‘Dein,</strong></span> <span class='ocrx_word' id='word_1_164' title='bbox 437 3408 473 3467; x_wconf 90' lang='lat' dir='ltr'><strong>nt</strong></span> <span class='ocrx_word' id='word_1_165' title='bbox 495 3400 604 3467; x_wconf 87' lang='lat' dir='ltr'><strong>verbis</strong></span> <span class='ocrx_word' id='word_1_166' title='bbox 627 3399 725 3466; x_wconf 86' lang='lat' dir='ltr'><strong>Corn.</strong></span> <span class='ocrx_word' id='word_1_167' title='bbox 748 3400 1054 3482; x_wconf 84' lang='lat' dir='ltr'><strong>Tacitiutar,Sene</strong></span> <span class='ocrx_word' id='word_1_168' title='bbox 1068 3400 1354 3486; x_wconf 67' lang='lat' dir='ltr'><strong>Augustalium</strong></span> 
     </span>
     <span class='ocr_line' id='line_1_26' title="bbox 255 3501 1353 3591; baseline -0.006 -20"><span class='ocrx_word' id='word_1_169' title='bbox 255 3504 452 3591; x_wconf 84' lang='lat' dir='ltr'><strong>patefactus,</strong></span> <span class='ocrx_word' id='word_1_170' title='bbox 474 3502 550 3566; x_wconf 89' lang='lat' dir='ltr'><strong>dum</strong></span> <span class='ocrx_word' id='word_1_171' title='bbox 578 3501 666 3586; x_wconf 90' lang='lat' dir='ltr'><strong>apud</strong></span> <span class='ocrx_word' id='word_1_172' title='bbox 689 3509 853 3567; x_wconf 83' lang='lat' dir='ltr'><strong>extremos</strong></span> <span class='ocrx_word' id='word_1_173' title='bbox 874 3512 1032 3578; x_wconf 85' lang='lat' dir='ltr'><strong>terrarum</strong></span> <span class='ocrx_word' id='word_1_174' title='bbox 1059 3506 1224 3582; x_wconf 88' lang='lat' dir='ltr'><strong>terminos,</strong></span> <span class='ocrx_word' id='word_1_175' title='bbox 1253 3524 1353 3573; x_wconf 76' lang='lat' dir='ltr'><strong>novae</strong></span> 
     </span>
     <span class='ocr_line' id='line_1_27' title="bbox 256 3603 1351 3690; baseline 0.002 -20"><span class='ocrx_word' id='word_1_176' title='bbox 256 3610 380 3690; x_wconf 86' lang='lat' dir='ltr'><strong>gentes,</strong></span> <span class='ocrx_word' id='word_1_177' title='bbox 394 3623 486 3688; x_wconf 86' lang='lat' dir='ltr'><strong>saepe</strong></span> <span class='ocrx_word' id='word_1_178' title='bbox 513 3623 557 3667; x_wconf 85' lang='lat' dir='ltr'><strong>ex</strong></span> <span class='ocrx_word' id='word_1_179' title='bbox 582 3622 657 3681; x_wconf 88' lang='lat' dir='ltr'><strong>nso,</strong></span> <span class='ocrx_word' id='word_1_180' title='bbox 672 3609 704 3666; x_wconf 89' lang='lat' dir='ltr'><strong>et</strong></span> <span class='ocrx_word' id='word_1_181' title='bbox 728 3603 908 3687; x_wconf 89' lang='lat' dir='ltr'><strong>aliquando</strong></span> <span class='ocrx_word' id='word_1_182' title='bbox 925 3624 1003 3669; x_wconf 89' lang='lat' dir='ltr'><strong>cnm</strong></span> <span class='ocrx_word' id='word_1_183' title='bbox 1017 3606 1137 3669; x_wconf 90' lang='lat' dir='ltr'><strong>damno</strong></span> <span class='ocrx_word' id='word_1_184' title='bbox 1151 3612 1351 3689; x_wconf 83' lang='lat' dir='ltr'><strong>quaeruntur,</strong></span> 
     </span>
     <span class='ocr_line' id='line_1_28' title="bbox 255 3704 981 3794; baseline -0.004 -21"><span class='ocrx_word' id='word_1_185' title='bbox 255 3726 361 3794; x_wconf 74' lang='lat' dir='ltr'><strong>imque</strong></span> <span class='ocrx_word' id='word_1_186' title='bbox 375 3705 419 3772; x_wconf 87' lang='lat' dir='ltr'><strong>ad</strong></span> <span class='ocrx_word' id='word_1_187' title='bbox 432 3704 634 3789; x_wconf 86' lang='lat' dir='ltr'><strong>Vespasiani</strong></span> <span class='ocrx_word' id='word_1_188' title='bbox 644 3704 775 3770; x_wconf 82' lang='lat' dir='ltr'><strong>duravit</strong></span> <span class='ocrx_word' id='word_1_189' title='bbox 787 3705 981 3789; x_wconf 70' lang='lat' dir='ltr'><strong>imperium!</strong></span> 
     </span>
    </p>
   </div>
   <div class='ocr_carea' id='block_1_12' title="bbox 537 3869 1041 3955">
    <p class='ocr_par' dir='ltr' id='par_1_12' title="bbox 537 3869 1041 3955">
     <span class='ocr_line' id='line_1_29' title="bbox 537 3869 1041 3955; baseline -0.002 -21"><span class='ocrx_word' id='word_1_190' title='bbox 537 3869 674 3937; x_wconf 86' lang='lat' dir='ltr'><strong>Flavius</strong></span> <span class='ocrx_word' id='word_1_191' title='bbox 688 3870 856 3955; x_wconf 85' lang='lat' dir='ltr'><strong>Vopiscus</strong></span> <span class='ocrx_word' id='word_1_192' title='bbox 869 3873 904 3936; x_wconf 93' lang='lat' dir='ltr'><strong>in</strong></span> <span class='ocrx_word' id='word_1_193' title='bbox 920 3873 1041 3938; x_wconf 85' lang='lat' dir='ltr'><strong>Probo.</strong></span> 
     </span>
    </p>
   </div>
   <div class='ocr_carea' id='block_1_13' title="bbox 253 4000 1382 4291">
    <p class='ocr_par' dir='ltr' id='par_1_13' title="bbox 253 4000 1382 4291">
     <span class='ocr_line' id='line_1_30' title="bbox 301 4000 1382 4101; baseline 0.004 -36"><span class='ocrx_word' id='word_1_194' title='bbox 301 4007 311 4036; x_wconf 89' lang='lat'>‘</span> <span class='ocrx_word' id='word_1_195' title='bbox 327 4000 370 4065; x_wconf 88' lang='lat' dir='ltr'><strong>Et</strong></span> <span class='ocrx_word' id='word_1_196' title='bbox 394 4000 472 4065; x_wconf 82' lang='lat' dir='ltr'><strong>milri</strong></span> <span class='ocrx_word' id='word_1_197' title='bbox 487 4001 617 4086; x_wconf 80' lang='lat' dir='ltr'><strong>quidem</strong></span> <span class='ocrx_word' id='word_1_198' title='bbox 630 4001 666 4067; x_wconf 93' lang='lat' dir='ltr'><strong>id</strong></span> <span class='ocrx_word' id='word_1_199' title='bbox 680 4002 782 4067; x_wconf 91' lang='lat' dir='ltr'><strong>animi</strong></span> <span class='ocrx_word' id='word_1_200' title='bbox 796 4002 868 4082; x_wconf 84' lang='lat' dir='ltr'><strong>suit,</strong></span> <span class='ocrx_word' id='word_1_201' title='bbox 882 4023 946 4068; x_wconf 91' lang='lat' dir='ltr'><strong>non</strong></span> <span class='ocrx_word' id='word_1_202' title='bbox 961 4011 999 4069; x_wconf 89' lang='lat' dir='ltr'><strong>nt</strong></span> <span class='ocrx_word' id='word_1_203' title='bbox 1022 4003 1208 4084; x_wconf 89' lang='lat' dir='ltr'><strong>Sallustios,</strong></span> <span class='ocrx_word' id='word_1_204' title='bbox 1222 4003 1352 4084; x_wconf 86' lang='lat' dir='ltr'><strong>Livios,</strong></span> <span class='ocrx_word' id='word_1_205' title='bbox 1377 4093 1382 4101; x_wconf 30' lang='grc' dir='ltr'>Ι</span> 
     </span>
     <span class='ocr_line' id='line_1_31' title="bbox 253 4102 1350 4190; baseline 0.004 -22"><span class='ocrx_word' id='word_1_206' title='bbox 253 4102 402 4182; x_wconf 82' lang='lat' dir='ltr'><strong>Tacitus,</strong></span> <span class='ocrx_word' id='word_1_207' title='bbox 429 4102 568 4187; x_wconf 65' lang='lat' dir='ltr'><strong>&#39;l&#39;rogoa</strong></span> <span class='ocrx_word' id='word_1_208' title='bbox 583 4111 682 4190; x_wconf 86' lang='lat' dir='ltr'><strong>atque</strong></span> <span class='ocrx_word' id='word_1_209' title='bbox 706 4125 822 4171; x_wconf 86' lang='lat' dir='ltr'><strong>omnes</strong></span> <span class='ocrx_word' id='word_1_210' title='bbox 843 4105 1077 4171; x_wconf 87' lang='lat' dir='ltr'><strong>disertissimos</strong></span> <span class='ocrx_word' id='word_1_211' title='bbox 1091 4106 1235 4172; x_wconf 85' lang='lat' dir='ltr'><strong>imitarer</strong></span> <span class='ocrx_word' id='word_1_212' title='bbox 1247 4107 1350 4186; x_wconf 69' lang='lat' dir='ltr'><strong>siros,</strong></span> 
     </span>
     <span class='ocr_line' id='line_1_32' title="bbox 254 4203 1234 4291; baseline -0.001 -21"><span class='ocrx_word' id='word_1_213' title='bbox 254 4203 313 4270; x_wconf 88' lang='lat' dir='ltr'><strong>sed</strong></span> <span class='ocrx_word' id='word_1_214' title='bbox 330 4203 474 4270; x_wconf 84' lang='lat' dir='ltr'><strong>Marium</strong></span> <span class='ocrx_word' id='word_1_215' title='bbox 487 4204 686 4286; x_wconf 81' lang='lat' dir='ltr'><strong>Maximum,</strong></span> <span class='ocrx_word' id='word_1_216' title='bbox 702 4205 896 4272; x_wconf 82' lang='lat' dir='ltr'><strong>Suetonium</strong></span> <span class='ocrx_word' id='word_1_217' title='bbox 909 4205 1161 4291; x_wconf 76' lang='lat' dir='ltr'><strong>llanqnsslum,’</strong></span> <span class='ocrx_word' id='word_1_218' title='bbox 1175 4210 1234 4273; x_wconf 72' lang='lat' dir='ltr'><strong>&amp;a</strong></span> 
     </span>
    </p>
   </div>
   <div class='ocr_carea' id='block_1_14' title="bbox 0 0 1488 4867">
    <p class='ocr_par' dir='ltr' id='par_1_14' title="bbox 0 0 1488 4867">
     <span class='ocr_line' id='line_1_33' title="bbox 0 0 1488 4867; baseline 0 2"><span class='ocrx_word' id='word_1_219' title='bbox 0 0 1488 4867; x_wconf 95' lang='lat' dir='ltr'><strong> </strong></span> 
     </span>
    </p>
   </div>
  </div>
 </body>
</html>
