2967 4867
115 358 258 424 nemu.)
468 352 676 402 surrentum
696 354 776 404 urm
799 344 858 404 nr.
1155 341 1223 423 ⁶⁰³

117 499 312 575 Germanici
333 504 451 578 mortu*
471 518 537 565 non
557 501 655 565 modo
680 500 772 582 apud
793 499 872 564 illos
891 495 1057 587 homines.
1075 496 1133 583 qui
1152 503 1221 563 tum

117 604 273 684 agebant,
302 603 404 667 etiam
433 603 556 669 secutis
579 602 785 685 temporibus
809 602 901 665 vario
924 619 1052 664 rumore
1069 601 1220 685 J'ectota:

116 703 362 779 udeomuximu
375 722 517 787 qumque
533 705 692 785 ambigue
707 711 794 780 suut,
809 704 889 767 dum
901 702 959 767 ulii
975 721 1110 785 quoquo
1121 702 1220 767 modo

116 803 234 871 audita
247 824 310 887 pro
331 806 518 887 compertis¹
533 805 675 869 hubent:
704 805 764 868 alii
779 824 859 868 vera
875 804 911 867 in
933 803 1134 868 contrarium
1147 824 1220 868 ver·

115 913 209 988 tunt3
239 912 272 969 et
299 907 410 987 gliscit
433 910 605 988 utrumque
635 907 854 989 posteritate.⁸
890 902 938 967 At
965 903 1119 983 Drusus,‘
1138 905 1219 969 urbe

113 1017 287 1091 egressusu
298 1009 484 1092 repetendis
497 1008 687 1090 auspiciis,v
701 1027 781 1072 mox
797 1025 902 1071 orans
916 1005 1063 1073 introiit:
1078 1025 1218 1089 paucos-

113 1176 153 1251 use
148 1189 216 1238 tum
227 1188 359 1252 florebunt,
370 1191 410 1238 sed
421 1189 493 1237 diurn
503 1189 650 1252 opaeum
666 1189 749 1239 mdc
765 1186 938 1248 aduersusorno
948 1194 972 1237 et
983 1188 1126 1237 censoribus
1136 1187 1218 1248 erugi-

112 1259 166 1302 ωε
182 1252 254 1313 snit:
277 1256 334 1302 odeo
351 1268 440 1302 summu
449 1254 644 1329 moeqseiscertu
662 1259 734 1310 rustr
754 1250 1110 1316 dunubiquoesnrquerotio'se
1120 1255 1219 1314 ulgotu

110 1334 154 1381 pro
164 1320 239 1368 certis
256 1318 548 1380 complanabuntur·
558 1321 680 1369 odoermm
690 1332 782 1367 ussum
792 1318 899 1379 troisset,
920 1323 944 1366 et
961 1319 1070 1392 perpellit
1087 1332 1116 1364 oc
1135 1316 1218 1365 uuor

111 1389 236 1445 urumque
255 1385 320 1447 opud
337 1388 449 1447 purime
482 1383 518 1432 Ar
529 1384 625 1433 Drums
636 1382 712 1432 Romo
723 1382 783 1432 ertit
794 1380 931 1430 reuocandis
946 1381 1067 1446 demmin,
1082 1381 1137 1430 dein
1146 1394 1219 1429 orons

144 1577 158 1623 l
175 1574 209 1624 lu
218 1575 269 1624 bis
277 1575 348 1627 Flor.
359 1581 388 1625 et
398 1576 532 1626 ueteribus
543 1575 710 1637 editionibus,
720 1575 804 1624 duduc
811 1591 856 1639 pro
866 1575 999 1653 conpertis.
1032 1575 1116 1624 Recte
1129 1588 1215 1625 ernen-

109 1636 396 1754 mmmmm,
413 1642 506 1691 sudum
539 1640 681 1704 Antiquam
697 1641 854 1704 scripturam
870 1640 1000 1691 immerito
1012 1645 1099 1690 tuetur
1114 1638 1217 1690 Grono-

624 1802 731 1856 κοτε
812 1858 816 1869 ,

109 1898 167 1948 bec
178 1898 291 1963 imagine
310 1899 465 1963 cognitionis
480 1900 641 1961 ubsumtum:
682 1901 851 1962 minueretur,
862 1914 926 1950 neue
937 1913 1072 1949 necessum
1082 1903 1152 1948 esset
1173 1896 1217 1965 (ut

110 1972 158 2026 dre.
175 1983 235 2025 erut
252 1976 336 2041 imago
354 1982 381 2027 et
401 1978 564 2027 simulacrum
571 1977 642 2042 Judi·
682 1976 738 2042 ipse
754 1977 871 2042 loquitur
886 1977 1038 2025 ὰνανεοΐπθαι
1053 1974 1100 2033 τὴν
1116 1973 1213 2038 dmm

109 2051 152 2113 cii,
161 2064 214 2101 uon
221 2051 346 2115 judicium
357 2068 364 2113 ;
387 2054 423 2103 sic
435 2060 462 2103 et
474 2053 554 2103 illusit
562 2053 642 2103 bomi-
682 2053 772 2116 idest,
790 2067 922 2115 renovare,
933 2052 995 2114 sire,
1007 2060 1036 2100 ut
1049 2050 1165 2113 Tseitus,
1174 2063 1214 2099 re·

108 2127 145 2188 ui,
157 2142 216 2178 curo
227 2128 299 2177 illum
311 2129 344 2177 de
355 2128 642 2194 eloquentiuudmone·
681 2139 772 2196 petere
793 2132 916 2195 auspicis.
950 2131 1018 2180 Num
1038 2127 1145 2193 euspicii
1170 2142 1213 2177 no·

109 2209 148 2252 ret
158 2218 165 2264 ;
189 2203 261 2252 eliud
273 2204 348 2264 dixit,
357 2204 426 2254 uliud
438 2204 560 2269 intendit,
571 2204 642 2256 forts
680 2208 751 2258 mine
762 2208 841 2258 etium
855 2207 991 2270 imperium
1002 2207 1044 2254 bic
1055 2218 1129 2268 cepe.

108 2284 134 2327 et
145 2277 257 2343 intelligi
266 2280 360 2330 voluit.
712 2284 766 2334 Sed
783 2284 824 2333 cui
839 2283 877 2333 rei
888 2283 974 2332 Druso
985 2296 1049 2346 opus
1060 2279 1112 2331 tuit
1122 2280 1215 2346 repeti·

113 2348 124 2361 ’
139 2354 245 2403 Monuit
263 2369 330 2416 eum,
346 2362 375 2405 ut
395 2354 421 2405 iu
441 2358 536 2407 talibus
558 2359 641 2408 censis
679 2366 708 2409 to
734 2358 863 2424 imperio?
886 2358 918 2410 ud
943 2359 1088 2409 ovationem
1110 2372 1213 2421 nempe.

107 2430 276 2495 suscipiendis
297 2431 420 2482 fecundis
437 2448 483 2484 suu
494 2434 575 2484 miuus
587 2435 639 2484 vlo·
680 2436 798 2501 Numqui
807 2436 969 2502 triurnplruns
977 2450 1106 2500 orsusque
1122 2434 1212 2484 urbem

107 2507 192 2555 lenter
203 2513 336 2569 uteretur3
357 2523 449 2572 nempe
465 2524 498 2559 ne
510 2509 639 2573 principes
679 2512 831 2576 ingreditur,
849 2527 907 2562 cnm
927 2512 1037 2575 imperio
1058 2512 1084 2560 id
1102 2508 1167 2559 fucit
1185 2511 1212 2558 in

107 2586 134 2633 et
157 2597 280 2647 proceres
299 2586 428 2649 pravitate
447 2585 545 2636 diserte
564 2592 639 2651 petu-
678 2589 750 2638 illum
761 2587 847 2637 diem:
865 2590 966 2637 Drusus
978 2593 1064 2636 autem
1076 2577 1211 2649 imperium

106 2660 198 2709 lautius
210 2660 361 2712 lacesseret.
678 2666 810 2725 omiserat,
828 2663 957 2727 ingressus
974 2664 1065 2713 urbem
1077 2663 1110 2713 ob
1120 2661 1212 2712 frutris

136 2743 146 2767 ⁸
164 2732 254 2785 Gliscr't
264 2741 388 2801 renumque
393 2734 546 2803 posteritate]
555 2738 582 2790 st
591 2739 640 2790 stl-
678 2741 717 2790 sui
729 2747 849 2791 mortem.
865 2739 966 2790 Debuit
974 2754 1037 2805 ergo
1047 2745 1212 2805 repetere,ut

105 2826 134 2861 se
145 2810 258 2861 truditur
269 2815 379 2875 posteris
394 2813 472 2876 funus,
496 2823 523 2865 et
543 2816 639 2867 crescit
679 2824 778 2867 ovaret.

105 2887 190 2938 eundo
201 2887 247 2936 iliu
257 2885 315 2938 falsi
325 2889 409 2952 iemu3
428 2890 450 2939 si
472 2904 542 2953 vera,
560 2893 638 2942 etium
710 2892 774 2957 Ejus
786 2890 924 2942 sententie
933 2899 1002 2954 sunt,
1022 2905 1080 2956 quse
1091 2891 1159 2955 opud
1170 2890 1211 2942 Cl-

104 2971 132 3016 et
159 2970 276 3029 tempore
306 2968 363 3030 ipso
392 2969 475 3033 magis
503 2970 637 3034 magisque
677 2982 797 3019 ceronem
811 2970 884 3033 legis,
904 2984 975 3032 rpem
987 2968 1110 3031 triumphi
1123 2966 1211 3031 abjici·

103 3043 189 3108 gliscit
201 3050 544 3108 erigeretque‚etvetustste
555 3045 637 3096 veluti
677 3053 781 3096 eutem:
799 3046 888 3095 ‘Utor
907 3060 939 3094 eu
961 3053 1046 3110 portu,
1062 3059 1138 3109 quum
1158 3045 1211 3108 pri·

103 3114 280 3170 cousecratur.
314 3120 395 3169 Pluru
403 3120 494 3170 dicunt
503 3128 530 3170 et
538 3121 637 3171 addunt
678 3138 745 3172 mum
754 3123 844 3173 videro
855 3122 870 3171 :’
886 3130 914 3170 et
925 3121 994 3185 rpud
1005 3121 1113 3171 Coelium
1123 3137 1130 3169 ε
1140 3122 1148 3148 ‘
1159 3120 1211 3169 Ne-

65 3236 68 3249 .
101 3212 164 3247 reru
190 3203 235 3246 sut
267 3194 340 3258 falso,
366 3198 497 3261 multoque
524 3197 636 3248 maxime
677 3213 728 3264 que
751 3199 819 3249 enim
839 3200 919 3248 stulte
940 3194 1048 3262 Appius,
1067 3196 1111 3261 qul
1133 3195 1212 3244 simul

100 3271 229 3322 mirantur
238 3269 419 3339 disseruntque
431 3272 537 3335 posteri.
676 3281 755 3339 etque
767 3273 906 3324 Dolabella
922 3270 1074 3321 necessitati
1088 3268 1210 3334 tutuno,

133 3348 142 3381 i
157 3350 194 3397 At
210 3347 304 3397 unm
319 3347 376 3396 urbe
392 3346 508 3417 egemus]
525 3349 634 3400 Quaerus
674 3349 812 3400 introierat
823 3348 850 3397 in
860 3348 958 3408 urbem,
969 3345 1143 3411 triumphique
1149 3359 1209 3411 pos·

101 3436 152 3491 qtto
161 3423 220 3472 brec
228 3424 342 3486 egressio
354 3428 382 3472 et
396 3422 509 3472 reditio?
529 3421 562 3473 ud
581 3438 634 3473 nro-
675 3424 825 3474 trictionem
837 3421 986 3487 abjecerat!

100 3514 155 3551 rem
168 3502 290 3565 priscum,
312 3516 362 3567 quo
374 3500 497 3564 obtinuit,
517 3508 547 3550 nt
563 3503 634 3565 quie
707 3499 786 3562 Apud
797 3498 946 3562 Ulpianum,
963 3500 982 3547 l.
994 3499 1042 3549 nit.
1055 3498 1088 3549 de
1097 3494 1141 3548 oll'.
1151 3512 1209 3563 pro·

100 3576 634 3642 provincilscumirnperioredireut‚illud
675 3577 771 3626 consul.
804 3576 964 3626 ‘Procousnl
987 3582 1088 3638 portum
1118 3574 1207 3625 Romu.²

100 3656 185 3720 ipsum
199 3654 359 3718 emitterent,
371 3652 445 3701 simul
455 3667 485 3701 uc
493 3652 635 3701 intrassent
675 3653 806 3717 ingressus
817 3654 923 3718 deponit
934 3651 1088 3717 imperium!
1107 3651 1208 3700 lterum

100 3730 200 3780 urbem.
219 3729 283 3779 Ideo
296 3730 500 3779 Liviusl.1xvr.
517 3728 634 3780 ·Qutnto
675 3729 745 3793 opud
754 3730 924 3781 Ciceronem:
943 3729 1023 3777 ‘mibi
1036 3725 1110 3776 uelde
1120 3725 1208 3789 placet

99 3806 201 3869 Fuluio,
212 3822 244 3857 ne
254 3807 412 3856 minueretur
430 3804 566 3867 imperinm
578 3806 598 3853 si
608 3805 634 3854 in
674 3805 707 3854 de
718 3804 847 3868 triumpho
856 3819 902 3853 uos
914 3804 997 3853 moliri
1008 3800 1115 3865 aliquid,
1126 3808 1154 3849 et
1162 3794 1206 3850 er·

99 3884 190 3935 urbem
200 3883 325 3944 uenisset,
334 3882 451 3932 deeredt
466 3879 586 3931 seuerus!
674 3885 716 3928 tra
727 3880 820 3929 urbem
829 3892 886 3928 esse
896 3894 954 3927 cnm
961 3877 1105 3941 justissimo
1113 3874 1208 3927 cumr!

131 3962 169 4012 Et
179 3960 262 4025 magis
286 3960 318 4009 ud
336 3961 419 4009 lucem
447 3959 543 4015 Taciti,
565 3958 633 4021 qruod
706 3954 803 4003 *Urbe
818 3953 934 4016 ρετ-σω]
950 3955 1002 4001 suo
1018 3952 1044 4000 ln
1062 3952 1151 4002 urbem
1169 3953 1207 4003 ln·

98 4032 153 4087 Dio
164 4037 182 4086 l.
196 4046 251 4086 trv.
262 4036 349 4098 tradit,
367 4033 483 4099 Angusto
499 4033 633 4082 decretum
673 4044 762 4095 gressu
785 4030 902 4093 suspicis
920 4030 1107 4093 imperiumque
1125 4028 1205 4095 tlepo-

98 4120 256 4177 perpetunm
278 4112 460 4177 proconsulare
488 4107 633 4171 imperium,
674 4113 810 4169 tuentur
820 4104 865 4153 ills
879 4104 1008 4168 reciperet
1018 4104 1205 4168 suspiciendus

98 4186 136 4240 its
155 4196 188 4241 ut
204 4202 254 4238 nec
271 4188 294 4238 sl
312 4187 382 4238 intre
401 4186 493 4236 urbem
510 4183 634 4248 venisset,
673 4185 766 4252 quibus
784 4183 942 4249 triumphare
956 4194 1007 4233 nou
1026 4183 1144 4248 lirebst;
1166 4198 1206 4237 se·
