2967 4867
225 352 293 423 m
549 366 584 414 c.
604 362 785 414 monnau
808 363 950 429 uacuus,
965 350 1026 415 &c

724 526 836 579 riom

228 650 281 707 tur,
297 639 500 701 revellebantur,
518 639 544 689 in
554 638 694 690 Gemonias
713 638 759 688 ab·
799 637 866 704 quiis
889 645 1061 704 posterorum.
1105 638 1216 689 Publice
1243 646 1329 689 tumen

224 718 394 784 jielebrutur,
411 716 490 766 etism
500 724 529 765 et
540 713 719 766 conflabantur
731 716 758 764 iu
800 721 932 779 spectatas
942 713 1021 764 fuisse
1033 716 1060 762 in
1077 715 1185 764 coloniis
1205 719 1234 764 et
1249 714 1330 764 muni·

228 793 400 859 promiscuum
423 807 503 841 nsum.
530 791 626 852 iuven.
658 791 760 840 ‘Frau-
800 790 999 855 cipiiscoustat.

227 868 313 933 peuda
322 869 441 918 miseram
453 865 567 917 funestat
577 867 688 931 imagine
699 880 760 931 gen-
833 868 922 918 Fuuse
932 868 1057 918 toleratas
1065 867 1135 917 domi
1147 867 1174 917 iu
1183 868 1248 918 urbe
1257 872 1332 931 patet

230 945 301 995 tem!
317 945 402 1007 Idem,
412 943 598 993 ‘Descendunt
606 950 699 994 stature
708 957 760 993 ras·
800 959 834 994 ex
851 944 917 994 Tse.
928 944 947 995 l.
958 956 996 993 rr.
1007 944 1040 994 de
1052 944 1141 993 Cassio
1157 948 1185 994 et
1201 944 1285 994 Bruto
1296 943 1332 992 io·

229 1031 334 1089 temque
344 1020 502 1086 sequuntur!
519 1019 761 1069 ‘Ardetndoratum
801 1021 905 1086 quitur:
927 1020 1084 1073 ‘Quomodo
1105 1018 1259 1082 imaginibus
1279 1018 1335 1068 suis

230 1097 497 1164 populocaprq’osc.
801 1103 952 1160 noscuntur,
979 1110 1043 1162 ques
1065 1109 1099 1145 ue
1118 1096 1204 1144 victor
1229 1092 1340 1158 quirem.

262 1176 302 1224 Eo
318 1174 376 1239 ipso
392 1188 442 1239 qao
461 1172 577 1223 demnati
594 1178 761 1224 senatuscon·
801 1173 943 1225 abolesitr'
963 1178 992 1222 et
1007 1173 1025 1221 l.
1043 1185 1076 1221 ιι.
1096 1175 1138 1220 16.
1156 1169 1201 1218 ubi
1218 1167 1253 1218 de
1269 1167 1333 1218 Silio

229 1251 299 1301 snitu
309 1254 394 1312 erant,
401 1263 432 1299 eo
443 1250 500 1313 ipso
509 1259 537 1300 et
545 1249 651 1300 abolitae
660 1250 762 1299 illorum
802 1250 950 1301 Memeiiuae
968 1244 1103 1298 adultero:
1119 1245 1177 1298 ‘Ac
1187 1244 1334 1309 primumin

230 1326 545 1391 imqiuercensebsutur.
575 1325 701 1376 Attamen
710 1331 763 1375 tnr-
802 1326 931 1377 vestibulo
939 1324 1052 1389 effigiem
1062 1323 1144 1389 patria
1152 1322 1208 1372 Silii
1217 1320 1334 1371 consulto

230 1403 279 1455 bat
289 1403 358 1468 quod
374 1403 454 1452 habet
464 1402 567 1451 Tacitus
577 1415 609 1450 ss.
621 1405 662 1450 32.
674 1401 717 1451 nbi
729 1400 763 1450 de
803 1410 909 1453 senaim
920 1400 1043 1451 abolitanis
1053 1400 1231 1450 demonstrat’

232 1479 347 1529 libone:
362 1478 762 1538 ‘Tuuccnttsltlessalliusqne
835 1480 926 1529 Fuisse
945 1478 1023 1528 etism
1042 1476 1166 1531 toleratas
1184 1472 1289 1538 publice
1308 1470 1336 1523 in
1360 1504 1364 1510 -

230 1556 317 1619 imago
338 1554 442 1605 Libonis
459 1553 579 1623 exequias
600 1560 763 1617 posterorum
805 1555 907 1619 oppidis
918 1554 947 1604 e‘t
958 1553 1077 1614 coloniis,
1092 1557 1170 1617 patet
1180 1565 1215 1600 ex
1224 1551 1295 1601 Plus.
1308 1556 1337 1601 et

231 1629 411 1693 comitaretur,
431 1630 550 1680 censuit!
582 1631 626 1680 Sic
642 1629 762 1693 judicare
804 1634 911 1683 Sueton.
925 1631 970 1681 ubi
986 1630 1021 1679 do
1037 1636 1126 1679 statue
1139 1628 1218 1678 Bruti
1228 1628 1336 1692 ,publice

231 1705 577 1771 siuetusltlsssallinus,nou
587 1706 763 1756 esseabolitas
804 1713 925 1771 spectata
941 1705 1094 1769 Mediolani,
1117 1705 1229 1769 ideoque
1247 1704 1337 1754 Gallos

231 1780 356 1844 imagines
364 1780 479 1843 Libonis,
488 1795 519 1831 eo
530 1781 586 1846 ipso
593 1780 764 1846 judicio,quo
804 1789 906 1832 nostros
918 1782 950 1831 ab
960 1779 1080 1845 Augusto
1099 1781 1157 1844 ipso
1174 1780 1293 1831 laudatos
1303 1779 1337 1831 ob

234 1858 369 1907 damnatus
380 1863 430 1919 est,
442 1856 494 1913 sisi
503 1864 532 1907 et
543 1858 764 1909 senatusconsultu
804 1856 893 1920 fidem,
903 1857 1061 1907 Plutarchus
1070 1855 1192 1907 affirmat.

234 1933 375 1984 adderetur
385 1932 418 1991 de
429 1933 590 1998 imaginibus.
808 1988 810 1992 ,
837 1934 921 1985 Video
938 1934 1020 1985 etiam
1035 1939 1150 1983 seseutss
1167 1931 1247 1983 misse
1266 1931 1338 1984 domi

268 2009 399 2074 Quicquid
410 2010 453 2073 sit,
470 2016 546 2074 patet
557 2013 695 2075 passimex
706 2028 765 2064 auc·
805 2011 832 2062 iu
850 2011 917 2060 urbe
935 2009 1060 2074 imagines
1079 2007 1161 2059 Cassii
1180 2014 1210 2058 et
1228 2008 1304 2059 Bruti
1321 2022 1338 2058 s

234 2085 344 2150 teritus,
357 2101 409 2137 uon
419 2086 521 2137 licuisse
532 2088 687 2151 haeredibus,
696 2089 766 2151 liliis,
806 2087 921 2151 posteris
931 2086 1057 2150 ipsorum,
1065 2091 1094 2134 et
1103 2085 1238 2149 predere
1249 2083 1340 2148 Gauii,

234 2161 395 2227 propinquis,
404 2163 446 2212 vei
456 2164 544 2214 amicis
555 2164 767 2231 quibuscumque,
806 2172 836 2213 et
846 2161 874 2213 id
884 2160 963 2212 fuisse
972 2161 1024 2210 iilis
1030 2161 1130 2211 crimini
1138 2160 1228 2210 datum
1237 2166 1338 2213 tantum

233 2236 330 2287 labere
349 2236 418 2286 domi
435 2237 559 2301 imagines
579 2238 767 2305 damnatorum,
807 2239 906 2291 amada
918 2237 1088 2301 pundpitsus.

235 2313 383 2375 praesertim
394 2312 540 2364 incrimine
551 2315 710 2379 majestatis:
729 2316 768 2366 sic
810 2354 814 2359 .
839 2313 961 2377 Exempli
970 2312 1049 2363 causa
1058 2314 1190 2365 sNeroue
1202 2315 1338 2366 teste'l'ac.

236 2386 316 2436 etiem
334 2387 421 2450 prisca
432 2388 523 2452 repub.
535 2396 689 2453 usurpatum
699 2398 767 2441 erat.
807 2404 850 2440 111.
863 2395 904 2439 ⁷6.
930 2390 938 2415 ‘
951 2387 1157 2454 objectasitque
1170 2391 1260 2440 Cassio
1271 2389 1339 2455 qnod

236 2464 768 2531 Cicerot‘Schl'itiusquodhabuitima·
807 2466 878 2516 inter
906 2465 1031 2529 imagines
1052 2466 1180 2531 majorum
1209 2467 1288 2517 etism
1308 2467 1339 2518 C.

236 2540 324 2611 mmm
343 2542 373 2590 L.
382 2540 516 2591 Saturnini
536 2540 606 2591 dorni
623 2555 687 2605 suas,
706 2556 769 2593 con·
809 2540 1171 2606 cusiieffiqiemcoluisset:
1185 2547 1236 2594 ose.
1268 2544 1341 2594 ldem

238 2615 373 2667 demustus
393 2623 443 2667 est.
484 2617 638 2668 statuerunt
659 2618 769 2682 Equites
808 2618 1246 2671 habetSuetou.Nerou.xxxr11.
1263 2620 1341 2671 ‘ese

237 2690 314 2751 Rom.
332 2692 378 2741 illo
391 2691 504 2756 judicio,
520 2691 667 2757 improbum
684 2695 775 2744 civem·
809 2694 848 2743 sio
859 2692 1180 2760 lungiquurtsconsultu
1195 2710 1226 2745 ac
1242 2696 1340 2746 lumini·

238 2780 305 2829 esse,
325 2773 353 2815 et
371 2781 421 2815 nou
439 2767 603 2817 retinendum
613 2769 640 2817 in
652 2769 769 2831 civitate,
809 2770 858 2821 bns
880 2771 982 2831 orbato,
1002 2770 1072 2834 qnod
1093 2770 1121 2820 iu
1140 2778 1232 2822 vetere
1251 2771 1342 2837 gentili

238 2840 284 2906 qui
300 2841 411 2908 hominis
429 2841 550 2890 hostilem
572 2842 598 2891 iu
616 2843 771 2893 modumse·
810 2852 948 2896 stemmate
969 2846 1000 2896 C.
1011 2846 1096 2897 cassii
1113 2849 1272 2912 percussoris
1288 2850 1342 2901 Ge·

237 2917 328 2968 ditiosi
345 2917 457 2981 imagine
467 2925 512 2966 aut
524 2923 634 2969 mortem
650 2918 708 2982 ejus
725 2919 772 2970 lto·
811 2922 876 2972 saris
885 2922 1010 2985 imagines
1021 2924 1193 2974 restituissat’

237 2998 364 3056 uastaret,
383 3000 429 3043 aut
447 2991 574 3042 desideria
590 2992 772 3058 imperitorum
842 2999 887 3047 Sic
905 3005 935 3047 et
949 2998 997 3048 sub
1012 2999 1116 3050 'liberio
1134 3001 1236 3052 crimini
1253 3001 1342 3054 datum

239 3068 418 3129 misericordis
433 3074 617 3131 commoveret,
636 3075 682 3120 aut
699 3083 771 3127 suam
812 3075 946 3125 crematio
973 3074 1154 3142 Cordoqpod
1182 3080 1293 3130 Brutum
1314 3086 1343 3130 et

239 3142 402 3208 signiticaret
433 3143 565 3193 imitandae
595 3143 771 3209 improbitatis
812 3151 929 3200 Carsium
948 3149 1081 3201 laudasset
1098 3152 1126 3201 iu
1143 3153 1269 3215 historiis,
1285 3169 1342 3219 qun

241 3219 419 3271 voluntatem!
451 3219 576 3279 Attamen
585 3220 613 3269 id
632 3220 771 3270 toleratum
788 3288 791 3293 ¹
810 3226 925 3276 lcctmet
936 3226 1089 3290 approbate
1105 3228 1139 3277 eb
1155 3229 1212 3293 ipso
1224 3228 1343 3293 Augusto

240 3295 321 3347 fuisse
338 3295 430 3359 liquot,
447 3295 497 3345 uisi
512 3295 663 3345 adverteret
682 3295 772 3347 durius
811 3300 923 3354 fuerant.
939 3303 1149 3355 'lautnmdiffert
1160 3299 1343 3357 bounset'oou·

241 3373 374 3439 princeps,
384 3379 430 3425 sut
439 3381 575 3424 nocumtoa
584 3374 686 3439 aliquis.
755 3388 758 3393 ·
813 3376 929 3427 scientim
951 3392 1006 3437 sue
1032 3393 1138 3430 securus
1166 3380 1345 3445 imperatore

277 3446 387 3497 Constat
403 3453 490 3497 tamen
506 3462 558 3497 nou
572 3454 705 3511 spectatas
715 3448 779 3500 illas,
812 3450 949 3516 flagitioso,
957 3459 986 3505 et
993 3452 1344 3528 virtutamsliemsuepoe·

242 3522 774 3597 imaginespnbiiceinlirbeffleciuexe·
813 3526 1025 3602 tnnteprincipe.
