2967 4867
116 414 255 489 dean}
479 406 694 466 munumina
717 416 791 469 ars.
815 414 874 468 ut.
1152 400 1220 477 m

115 596 159 644 us
172 574 239 643 diei
253 578 323 653 ria,
338 592 406 640 non
414 577 583 659 patrnam,
595 576 712 641 saltem
726 582 825 662 porta
836 584 943 656 tenus,
958 578 1102 645 obvium.
1147 577 1218 649 Ubi

114 680 175 746 illn
188 685 336 745 vetennn
345 677 493 743 instituta
503 676 537 740 l‘
558 679 784 761 propositam³
799 683 873 744 toro
887 676 1051 763 effigiem,⁸
1060 680 1219 748 meditata

114 830 220 893 tenere,
229 846 281 882 non
292 838 413 895 patrna·
420 830 553 883 'liberium
564 831 656 881 saltem
667 830 702 881 ad
712 837 802 895 portas
812 845 894 897 araque
904 831 1005 886 omium
1015 830 1082 881 lien.
1099 829 1150 881 Ubi
1160 830 1218 883 illoc

114 896 282 961 antiquorum
291 910 387 960 mores,
398 895 535 960 ritusque?
550 894 591 943 alsi
601 895 738 960 imaginem
749 896 825 959 ipsios
836 908 916 959 snpra
925 897 1021 945 lectum
1033 896 1178 960 expositam
1190 894 1217 944 is

580 1020 760 1045 venundet
801 1044 804 1047 v

147 1106 162 1153 3
179 1103 439 1167 innumerorum
455 1110 483 1155 el
506 1105 622 1170 nyctim
639 1106 787 1169 emendant,
802 1104 945 1170 propositam
956 1106 991 1155 ia.
1024 1104 1116 1155 Placet
1137 1103 1219 1167 pluri·

114 1182 201 1218 mm:
219 1183 341 1234 saepeque
351 1186 403 1234 pra
413 1178 440 1219 et
456 1185 502 1233 pre
512 1170 539 1218 irs
552 1170 616 1219 Mas.
628 1177 770 1220 mutantur.
804 1171 927 1220 Veterem
945 1179 1031 1220 tamen
1051 1171 1217 1234 scripturam,

115 1233 285 1284 ”nummu
301 1234 431 1297 vitiosam,
442 1235 545 1285 aetiani.
578 1234 650 1284 stne
659 1235 816 1298 Gronovius,
826 1239 949 1298 munt.
972 1235 1087 1284 llrolier.
1121 1234 1217 1285 unus·

114 1312 158 1347 ms
166 1297 246 1348 natet
255 1299 415 1363 prepositura.

610 1401 719 1455 NOTAE

147 1524 323 1588 messmam]
338 1524 453 1576 Drusum
462 1540 556 1591 nempe
566 1522 647 1575 fllium
687 1540 727 1576 am
739 1526 761 1575 sl
776 1526 884 1576 mxime
896 1526 980 1576 animo
989 1539 1041 1576 non
1051 1526 1162 1587 doleret,
1172 1538 1216 1589 po·

112 1602 308 1667 'liberiiquem
321 1617 399 1652 unum
419 1603 648 1663 nominenumine
686 1603 739 1653 tina
757 1601 857 1666 tingere
876 1617 1102 1667 mmrorem,qnam
1121 1602 1148 1650 ln
1169 1602 1215 1653 tall

113 1687 158 1729 ant
168 1685 259 1743 spreto
269 1679 387 1738 Claudio,
396 1680 439 1744 qui
453 1687 508 1728 tum
524 1679 593 1728 inter
603 1694 647 1727 an·
685 1684 805 1743 tempore
815 1680 904 1729 honori
913 1680 1025 1728 manium
1037 1685 1064 1729 et
1073 1677 1158 1729 officio
1169 1692 1216 1728 auo

114 1757 147 1805 le
167 1754 287 1805 ludibria.
320 1752 595 1818 Scripsit‘Claudlum
618 1760 647 1805 et
685 1754 973 1805 inaniremnmdeesso.
991 1755 1100 1805 freissl.

113 1833 230 1882 Drusum
236 1832 403 1882 Terracinam
411 1831 512 1880 vennse
521 1830 538 1891 ;'
551 1830 645 1881 r'ateor.
718 1833 778 1883 Non
788 1831 892 1882 Tiberio
908 1832 934 1881 id
943 1832 1131 1896 assignandum,
1143 1830 1217 1896 qnasi

110 1911 164 1962 Sed
183 1927 262 1961 anum
280 1912 420 1962 intendunt
440 1910 493 1973 hic,
502 1926 596 1974 nempe
606 1926 645 1961 ar·
684 1908 832 1958 Μαικία
843 1907 938 1957 doloris
950 1921 1074 1970 nanrpare
1084 1906 1216 1968 debuerit,

112 2003 194 2052 gnere
205 1987 353 2052 superbiam
365 1996 393 2038 et
411 1988 497 2038 odium
508 1988 606 2039 'liberii
619 1989 645 2037 in
684 1985 706 2035 si
714 1998 764 2033 nou
774 1999 862 2033 uerum
874 1983 1004 2033 dolorem:
1022 1981 1104 2031 sedin
1115 1981 1216 2031 uniuer-

111 2062 381 2129 Oermanicum,qnod
392 2065 473 2127 magis
484 2065 645 2129 elucet,eum
685 2075 741 2109 snm
753 2067 872 2109 recenset
881 2059 985 2109 Tacitus
1001 2059 1086 2108 omnia
1097 2056 1217 2122 usurpari

111 2141 202 2192 dicant
213 2138 321 2190 fratrem
333 2155 383 2189 non
395 2141 444 2191 nisi
453 2141 522 2190 anias
533 2141 584 2190 diei
603 2141 645 2191 via
685 2137 762 2187 solita
773 2137 799 2185 in
811 2135 904 2187 funere
923 2149 1068 2202 procerum,
1078 2134 1106 2184 in
1121 2134 1214 2199 quibus

110 2216 267 2284 processisse
280 2215 402 2279 obriam;
418 2222 445 2268 at
462 2217 482 2266 si
494 2215 589 2267 fratres
606 2217 645 2267 di.
685 2213 810 2277 imagines
821 2227 935 2273 avorum,
952 2209 1028 2262 fletus
1047 2210 1073 2260 in
1087 2208 1215 2270 formian-

110 2298 212 2355 terent,
231 2289 381 2355 frangerent
392 2292 459 2358 qnod
477 2290 592 2343 acerbius
609 2291 644 2342 ia·
685 2287 756 2339 datio
765 2304 813 2353 pro
825 2287 924 2352 rostris,
935 2288 1055 2352 leeryuue
1068 2293 1218 2353 parentum,

110 2383 160 2419 ιε
172 2367 226 2420 fnit
242 2374 270 2418 et
286 2383 430 2418 sermonum
442 2367 525 2431 vulgi,
544 2368 644 2433 etquid
685 2370 731 2415 ant
741 2365 924 2415 saltemdoloris
934 2364 1157 2429 indumentaque
1169 2363 1214 2413 fie-

110 2444 237 2496 Ciaudins
257 2445 290 2494 ad
309 2445 455 2508 snperbiam
473 2444 644 2508 imperitanti·
684 2442 748 2495 bunt
759 2460 805 2509 per
817 2443 942 2510 praeticas,
953 2449 980 2494 et
990 2450 1080 2493 cetero
1091 2442 1215 2506 exequie·

111 2523 173 2572 um?
192 2520 301 2585 quidad
313 2520 393 2570 decus
405 2518 540 2571 defuncti?
609 2578 614 2589 ,
684 2534 740 2568 rum
762 2528 896 2585 apparatu.
929 2518 1015 2569 Simile
1039 2514 1100 2584 qnid
1124 2515 1214 2578 habet,

141 2597 222 2648 ‘Udi
243 2598 286 2646 iilo
302 2603 404 2647 natm
423 2595 546 2661 instituta]
574 2594 644 2646 Non·
685 2594 773 2645 ubide
791 2596 891 2646 Claudii
910 2593 1004 2644 funere
1020 2596 1099 2643 lxm.
1115 2592 1124 2620 ‘
1138 2591 1215 2659 Cete5

110 2675 175 2726 nulli
195 2674 266 2723 inter
279 2674 399 2724 instituta
411 2681 525 2724 vetemur
536 2689 585 2723 non
603 2690 645 2725 ac·
685 2684 740 2719 rum
758 2669 870 2734 peractis
885 2668 1001 2720 tristitiae
1019 2667 1186 2717 imitamentis
1197 2666 1214 2716 :'

109 2756 221 2801 censent
243 2751 301 2814 ista,
319 2749 355 2798 nel
380 2750 467 2799 debris
489 2749 643 2800 imitamento.
684 2746 754 2797 unde
773 2747 904 2810 colligitur
914 2746 957 2795 illa
974 2744 1135 2795 imitamenta
1152 2759 1214 2793 mue·

110 2826 160 2877 Sed
174 2834 242 2892 puto
252 2841 283 2875 ea
294 2826 388 2889 omnia,
407 2836 464 2891 quae
481 2827 524 2876 liic
542 2834 644 2877 enarrat
684 2823 764 2873 stitia.
779 2829 902 2888 usurpata
919 2838 975 2872 esse
989 2822 1015 2872 in
1030 2821 1163 2872 funeribus
1181 2836 1214 2873 ex

109 2900 229 2960 Tacitus,
256 2916 312 2950 esse
335 2902 476 2957 ‘instituta
502 2899 644 2953 velerum:'
685 2914 766 2961 more,
777 2914 825 2950 nee
844 2907 942 2949 tantum
962 2898 1164 2948 adissimuiante
1174 2897 1216 2946 'li-

110 2991 205 3042 nempe
227 2977 412 3041 ‘prepositam
438 2984 494 3027 toro
522 2977 643 3042 effigiem,
683 2977 755 3027 lserio
766 2978 885 3042 usurpari
896 2976 1022 3027 debuisse.

110 3053 240 3105 meditata
258 3046 456 3102 admemoriam
468 3054 571 3103 virtutis
589 3070 643 3103 car·
715 3054 804 3102 ⁸l'oro
815 3050 927 3121 effigiem]
945 3052 1034 3101 Rituni
1047 3049 1125 3101 titisse
1146 3049 1214 3101 arbi·

110 3130 190 3193 mina,
203 3137 230 3178 et
241 3129 409 3191 laudationes,
420 3136 447 3178 ct
459 3128 592 3193 lacrymas,
601 3130 643 3179 vel
684 3137 749 3190 troc,
760 3137 790 3178 ut
807 3130 827 3177 si
841 3128 952 3177 cadaver
961 3127 1045 3176 adhuc
1055 3135 1176 3190 vegetum
1186 3134 1215 3175 et

110 3205 208 3257 dolorm
230 3204 416 3266 imitamenta3'
439 3204 510 3268 quasi
532 3204 643 3267 diceret,
684 3202 835 3264 color-lium,
847 3203 929 3268 ipsum
950 3203 975 3251 in
994 3208 1052 3251 toro
1071 3201 1125 3250 sive
1144 3202 1215 3250 lento

110 3283 159 3333 Vel
173 3297 249 3333 veras
260 3282 395 3347 lacrymas,
407 3280 447 3330 rel
459 3281 548 3330 saltem
562 3280 644 3329 imita·
684 3279 878 3329 ostenderetur:
896 3278 934 3327 sin
952 3284 1039 3326 autem
1051 3276 1093 3342 (ut
1112 3275 1138 3323 in
1155 3289 1215 3345 per-

109 3366 199 3409 tueuta
211 3357 303 3408 luctus.
684 3370 747 3419 egre
758 3352 866 3419 functis)
876 3360 921 3403 aut
937 3367 988 3401 oon
1007 3359 1077 3402 esset
1094 3352 1215 3417 caderes,

144 3437 204 3486 Nec
215 3433 350 3484 dicendum
360 3448 410 3483 non
420 3429 499 3483 iuuisse
512 3432 643 3483 veteribus
685 3439 729 3481 aut
740 3430 835 3481 decore
856 3429 964 3494 proponi
979 3442 1031 3477 non
1051 3436 1148 3493 posset,
1161 3434 1215 3478 tum

110 3513 174 3564 talia
185 3511 284 3561 doloris
294 3510 464 3560 imitamenta.
492 3510 558 3560 Nam
571 3517 643 3559 certe
684 3505 782 3571 effigies
793 3520 870 3556 cerea
889 3505 946 3570 ejus
964 3504 1067 3569 loomin
1084 3504 1155 3556 lecto
1174 3518 1214 3554 ns-

109 3602 215 3651 semper
223 3587 249 3635 in
261 3603 307 3636 usu
317 3585 400 3636 inere.
424 3586 516 3648 Dolor,
525 3585 588 3635 licet
602 3601 643 3634 ve·
684 3584 842 3633 tenderetur.

109 3679 153 3714 rns
174 3661 352 3727 sincerasque,
363 3661 440 3711 babet
461 3669 546 3711 tamen
566 3661 643 3710 etiam
716 3658 816 3722 Collige
832 3674 863 3708 ex
875 3657 923 3707 lroc
934 3658 992 3707 loeo
1008 3654 1100 3706 Dionis
1116 3653 1149 3702 de
1161 3652 1214 3702 Au·

109 3753 184 3789 snam
205 3736 328 3801 speciem,
355 3753 478 3804 suamque
505 3752 642 3802 pompam
683 3743 768 3800 gusto,
786 3736 830 3800 qul
852 3734 927 3786 Nolae
952 3733 1069 3782 obierat:
1087 3722 1213 3778 '‘leetus

109 3830 158 3864 nec
181 3815 236 3863 sola
256 3814 415 3863 conscientia
435 3812 529 3865 sufficit
550 3829 642 3878 magno
683 3809 758 3875 orat,’
768 3811 860 3876 lnquit,
872 3812 880 3838 ¹
891 3826 924 3858 ex
935 3822 998 3857 auro
1014 3811 1042 3855 et
1053 3804 1141 3865 ebore,
1154 3816 1214 3868 pnr-

108 3891 204 3951 dolori,
214 3890 362 3955 magnisque
373 3890 519 3955 penatibus.
683 3887 771 3953 pnreis
782 3888 931 3952 auratisque
948 3882 1070 3945 stragulis
1078 3898 1085 3930 ι
1093 3880 1129 3929 in
1141 3882 1214 3946 cujus

146 3966 195 4018 Ubi
205 3966 258 4028 illc]
275 3966 325 4017 Usi
344 3967 389 4016 illa
399 3974 516 4017 veterum
527 3965 643 4016 decora?
682 3963 735 4012 ima
746 3970 821 4027 parto
833 3960 944 4012 cadaver
956 3972 1025 4008 areae
1036 3958 1163 4008 inclusum
1177 3956 1214 4007 la·

110 4051 140 4093 ut
160 4044 246 4107 imago
265 4040 361 4090 iuioro
381 4048 577 4106 proponeretur,
588 4055 642 4090 cnr·
683 4039 773 4100 tebat;
790 4036 890 4102 effigies
913 4044 999 4086 antem
1020 4048 1105 4096 cerea,
1125 4034 1214 4084 trium·

111 4121 181 4169 mina
201 4118 382 4181 recitarentur,
391 4116 505 4167 laudatio
524 4132 573 4183 pro
591 4131 643 4166 ros·
682 4108 1121 4180 plralihabitu,supreapparebat!
1137 4108 1212 4163 Idem

112 4197 169 4256 tris,
180 4196 355 4259 lacrymaeque
372 4209 388 4242 a
406 4193 526 4258 principe
547 4192 642 4257 persol·
682 4191 708 4241 in
721 4188 867 4239 Pertinacis
877 4185 975 4237 sunere.

11 4268 12 4283 ¹
111 4278 243 4345 serentur,
252 4284 329 4337 quem
340 4270 430 4338 utique
442 4268 580 4335 decuisset,
594 4268 642 4320 etl·
714 4266 871 4332 Ρναφοεὶὶωη
891 4269 944 4314 toro
964 4262 1077 4335 effigiem]
1103 4260 1212 4330 Deque
