2967 4867
253 366 320 435 610
581 381 631 441 o.
655 378 838 429 oouusurr
862 374 993 427 rsorm
1195 384 1364 451 [numa.

253 547 357 614 nsque
378 527 490 592 literas
504 530 619 590 contro
642 526 790 609 petriam
810 523 956 589 morem?
1001 522 1168 590 Recitstae
1193 531 1227 589 et
1254 525 1360 598 Drusi

255 628 420 714 epistolae,
432 644 624 710 quanquam
640 624 685 690 ed
701 626 896 690 modestiam
908 625 1018 703 tiexae,
1029 644 1093 709 pro
1107 627 1361 710 superbissimis

255 731 480 813 occipiuutur:
504 727 612 792 ‘an
637 727 823 791 decidisse¹
849 732 979 804 cuncta,
1002 732 1041 791 ut
1068 747 1109 791 ne
1133 730 1268 811 juvenis
1283 729 1360 812 qui-

255 834 357 910 dem,¹
372 836 465 896 tanto
478 830 601 893 lronore
621 834 774 913 accepto,
789 828 893 893 adiret
905 829 999 893 urbis
1018 827 1120 905 Deos,
1135 829 1361 911 ingrederetur

256 934 426 1009 Senatum,
451 932 605 1014 auspiciu
630 929 749 993 saltem
772 930 908 1013 gentile⁸
921 929 1013 1013 opud
1037 930 1146 994 solum
1171 932 1359 1012 inciperett

255 1035 405 1100 licitum¹
421 1034 574 1109 scilicet·
595 1037 654 1095 out
667 1029 801 1097 diverso
818 1037 977 1094 terrarum
999 1029 1171 1107 distineri)
1187 1032 1303 1095 littora
1327 1039 1362 1099 et

254 1137 352 1207 lucus
380 1133 577 1218 componire
605 1137 700 1196 enm4
722 1130 871 1194 maxime
898 1136 1143 1214 peragrantem:
1180 1133 1230 1196 sic
1253 1133 1360 1198 imbui

254 1236 550 1320 rectoremgeneris
564 1233 715 1303 humani:
738 1232 774 1296 id
803 1232 946 1316 primum
971 1252 990 1296 e
1015 1234 1163 1315 paternis
1189 1233 1361 1299 consiliisb

255 1462 349 1511 stituta
359 1459 493 1524 mutorum.
526 1458 606 1508 Μία·
616 1458 688 1508 etism
698 1457 725 1508 iu
735 1464 826 1508 senatu
839 1464 899 1507 suut
910 1456 986 1507 Drusi
996 1457 1083 1519 titerae,
1094 1472 1147 1520 qus
1156 1457 1212 1505 ticet
1223 1455 1249 1504 is
1260 1456 1359 1505 muitu-

255 1532 304 1575 tesr
314 1525 455 1588 compunta,
463 1539 507 1586 pm
514 1523 720 1584 srmgsntissisris
728 1528 865 1571 muter.-
880 1537 912 1571 en
921 1522 1058 1571 devenisse
1068 1522 1162 1580 omnia,
1170 1530 1197 1569 ut
1208 1520 1360 1570 adoteseeus

255 1596 330 1639 tauta
341 1588 617 1651 dignitatissursum
628 1587 731 1651 quidem
743 1586 828 1637 adiret
840 1587 939 1649 templs
952 1592 980 1634 et
990 1587 1063 1635 Deos
1072 1586 1197 1646 civitatis,
1208 1592 1254 1633 aut
1268 1584 1360 1633 introi·

256 1660 299 1702 ret
310 1652 407 1700 curiam
419 1667 426 1711 ς
446 1651 535 1700 saltem
548 1649 650 1699 honoris
661 1651 739 1714 hujus
750 1651 866 1713 auspicia
876 1650 962 1713 patria
972 1650 998 1697 iu
1011 1656 1082 1698 terra
1091 1649 1244 1698 inchoaret?
1261 1649 1358 1697 betium

255 1729 349 1791 nempe
361 1730 428 1777 esse,
439 1722 485 1764 aut
504 1714 530 1762 iu
549 1715 686 1778 longinqua
697 1715 804 1777 regione
816 1715 932 1775 retineri,
943 1727 1000 1762 oras
1012 1721 1041 1763 et
1052 1715 1122 1763 iscus
1133 1713 1286 1777 Campania·
1303 1721 1358 1762 tum

255 1794 367 1832 murme
385 1778 623 1845 perambulantem:
641 1779 678 1829 sic
697 1779 799 1829 institui
825 1778 1015 1828 moderatorem
1032 1777 1134 1842 generis
1152 1775 1274 1827 humaui:
1296 1776 1359 1827 itiud

716 1922 895 1943 OMMWOO

289 2022 303 2068 t
323 2018 366 2069 ita
376 2019 428 2068 Ms.
438 2020 506 2069 sior.
513 2019 640 2069 editiones
649 2024 752 2069 veteres
764 2025 792 2069 et
802 2019 967 2069 recentiores.
986 2018 1088 2084 Lipsius
1097 2018 1292 2075 emendaverat,
1300 2014 1359 2065 rsti-

255 2084 326 2133 tim.
360 2083 436 2134 Quod
455 2084 688 2145 magisvutgatum,
701 2083 746 2134 sed
764 2084 867 2134 minime
879 2085 1061 2133 necessarium.
1094 2083 1249 2132 Erotion—2
1267 2081 1360 2130 Maliet

257 2148 370 2210 lipsius,
378 2147 495 2209 trituret
505 2146 563 2197 detto
582 2162 641 2197 ests.
674 2149 712 2197 At
731 2155 819 2209 potest
838 2148 1024 2211 intelligisne.
1056 2147 1186 2197 idem-8
1203 2145 1360 2208 Corriaebst

257 2210 388 2269 Heinsius,
396 2212 488 2260 ἀίεινω
498 2217 616 2261 terrorum
625 2212 748 2261 distinere.
784 2211 815 2260 iu
831 2212 983 2277 quibusdam
1000 2211 1156 2260 editionibus
1174 2210 1278 2258 minime
1296 2208 1361 2258 auti·

274 2274 312 2323 uis
331 2274 458 2335 additum,
478 2277 570 2323 diuerso
589 2280 707 2325 ter-rursm
724 2280 812 2325 tructus.
847 2276 918 2325 Nihil
939 2275 1096 2336 addendum,
1113 2274 1175 2323 nitrtl
1198 2273 1358 2322 mutandum.

284 2338 414 2387 retice-4
432 2337 475 2387 Ita
487 2339 537 2387 Ma.
550 2339 618 2389 mor.
630 2340 762 2402 Muretus,
780 2339 905 2403 Pictrena,
915 2347 943 2390 et
955 2340 1121 2390 recentiores.
1154 2339 1299 2403 Perpetem
1308 2337 1359 2387 Be·

258 2401 360 2457 roaldus
371 2410 399 2453 et
411 2402 455 2453 atii
467 2410 579 2467 veteres,
588 2408 639 2453 tum
649 2405 761 2454 misse.
784 2405 897 2460 Brotier.

291 2631 358 2680 ’Ns
372 2629 469 2690 jaceris
489 2631 594 2696 quidus]
617 2630 655 2681 Ut
676 2631 789 2694 Drusus,
828 2638 884 2680 tum
895 2630 1112 2699 auspiciasequi3
1130 2646 1179 2682 uec
1198 2631 1255 2682 siue
1275 2631 1359 2695 auspi-

259 2705 348 2769 quiet
368 2704 401 2754 ob
419 2705 562 2767 juvenilem
581 2711 687 2756 oetatem
705 2707 789 2757 minus
828 2707 876 2756 ciis
899 2708 1054 2772 protectum,
1073 2709 1100 2757 in
1121 2715 1230 2757 externo
1250 2722 1285 2759 ea
1305 2708 1359 2756 soto

256 2779 307 2830 stbi
319 2779 432 2828 tribuere
442 2780 561 2842 deberet,
567 2789 604 2829 ·et
621 2782 653 2830 ob
665 2782 788 2832 honorem
828 2796 895 2832 nora
906 2791 985 2847 atque
997 2783 1099 2848 integre
1110 2785 1248 2849 concipere
1267 2782 1360 2847 posse!

258 2861 396 2919 acceptum
419 2855 485 2905 bene
505 2857 662 2906 merentibus
678 2861 788 2922 gratiam
860 2859 974 2922 Auspicis
994 2859 1118 2923 inciperet]
1145 2859 1176 2909 Id
1196 2866 1247 2922 est,
1259 2860 1359 2923 aliquas

257 2929 367 2993 referre,
383 2945 416 2979 ue
436 2932 539 2995 quidem
551 2933 702 2996 dignaretur
716 2932 789 2983 adire
829 2948 938 2998 resque
950 2936 983 2985 ad
995 2949 1050 2984 essu
1061 2936 1223 2999 dignitatem,
1234 2950 1314 3000 qnam
1323 2936 1360 2985 iu·

256 3006 358 3068 urbem,
381 3009 502 3072 Deosque
520 3009 619 3073 patrios
637 3015 664 3057 st
681 3015 789 3072 penates
828 3008 1005 3074 grediebatur,
1029 3013 1202 3074 pertinerent,
1228 3012 1360 3075 attingere

255 3085 370 3149 imperii,
381 3091 427 3133 aot
438 3085 526 3133 venire
537 3085 563 3132 in
576 3091 704 3144 senatum,
715 3092 789 3135 utne
828 3084 890 3135 iicet
908 3085 1011 3148 leviter,
1021 3094 1050 3135 et
1064 3087 1188 3135 delibare.
1221 3086 1361 3137 Etiamn-

257 3160 300 3209 vet
311 3173 383 3208 more
393 3159 650 3223 msJomm,smptcia
658 3167 788 3224 susceptae
827 3164 914 3228 spicari
926 3164 1058 3225 dicebant,
1068 3166 1136 3230 quod
1146 3165 1215 3214 idem
1226 3174 1267 3215 est
1279 3182 1311 3216 ac
1322 3166 1361 3216 iu·

255 3233 392 3298 diguitatis
404 3235 485 3285 nauti
496 3235 522 3283 in
533 3235 588 3283 soto
600 3234 739 3284 ordiretur.
828 3238 911 3302 gredi,
929 3240 1046 3303 incipere
1070 3255 1161 3289 munus
1182 3257 1273 3302 suum;
1289 3241 1360 3306 quod

289 3311 430 3373 'Auspicis
451 3312 533 3359 sotteru
553 3310 657 3373 gestite]
691 3312 788 3360 Iocum
828 3313 1098 3363 nontiebstsineritu
1113 3316 1200 3379 atiquo
1217 3323 1245 3365 et
1264 3317 1361 3366 honore

255 3383 370 3434 iliustrat
384 3387 478 3435 eximie
493 3386 580 3435 Livius
592 3398 662 3435 mr.
676 3390 698 3435 1.
714 3386 789 3436 ‘Per
828 3401 891 3451 erga
901 3390 989 3439 Deos:
1006 3389 1076 3439 unde
1086 3405 1180 3439 nomen
1198 3398 1321 3455 sumtum,
1332 3393 1361 3442 ti·

198 3524 201 3529 Δ
227 3490 232 3501 ι
255 3458 327 3510 idem
338 3468 439 3524 tempus
450 3462 496 3511 Cn.
507 3462 630 3511 Seruilius
638 3463 727 3513 Romus
738 3462 789 3511 ldi·
828 3472 872 3514 cet
892 3465 1075 3529 superstitione
1096 3466 1187 3530 msJori
1207 3467 1278 3531 apud
1288 3475 1361 3518 rete·

257 3534 307 3587 bus
322 3536 425 3585 Martiis
446 3537 625 3600 magistratum
646 3538 712 3587 iuiit.
746 3539 788 3588 lbi
829 3557 879 3592 res.
1068 3532 1073 3541 ¹

257 3611 357 3663 cumde
365 3612 456 3675 repub.
464 3612 789 3675 retntisset,redintegrsts
860 3625 872 3650 ⁸
895 3618 990 3667 Bettrrrrr
1007 3618 1108 3681 nitito]
1137 3619 1240 3683 idest,
1262 3620 1361 3672 bellum

257 3687 323 3738 iuC.
337 3690 487 3742 'liminium
498 3688 596 3737 insidis
606 3696 663 3738 est:
684 3688 748 3738 duos
759 3705 788 3739 se
828 3706 887 3742 esse
897 3693 1007 3755 scilicet,
1018 3694 1086 3758 quod
1108 3703 1222 3745 moretur
1234 3698 1360 3748 oraru.

258 3766 377 3814 consoler
388 3778 500 3825 creasse,
509 3778 587 3813 uuum
599 3763 705 3813 trabere:
719 3766 788 3828 qnod
828 3771 887 3821 Quo
897 3785 991 3833 genere
1012 3770 1134 3836 loquendi
1152 3785 1200 3820 cur
1210 3770 1361 3835 offendaris,

258 3843 326 3891 euim
346 3842 384 3891 itti
396 3843 496 3906 justum
512 3840 656 3904 imperium,
665 3842 733 3903 quod
746 3856 789 3889 sa·
828 3846 899 3894 nnita
911 3846 979 3895 ratio
989 3852 1038 3894 est.
1064 3846 1108 3895 Sic
1118 3846 1212 3895 Sitios:
1229 3847 1290 3897 ‘Ad
1302 3864 1361 3912 por·

257 3919 369 3982 spirtum
385 3919 462 3967 esset
478 3918 644 3979 magistratus
664 3914 690 3963 id
708 3931 723 3965 a
746 3916 789 3965 do-
829 3927 870 3969 tas
883 3921 1000 3970 betium:’
1018 3921 1088 3984 quod
1100 3921 1184 3970 obser.
1198 3935 1218 3972 r.
1229 3925 1360 3974 ruvisti·

258 4007 310 4054 mo,
329 3994 439 4057 pubiicis
461 3994 620 4056 privatisque
642 3993 790 4057 penatibus,
828 3998 949 4044 cavimus.
968 3997 1108 4045 Gronovius.

258 4066 360 4117 Latinis
371 4066 444 4117 feriis
454 4070 527 4131 actis,
539 4066 665 4116 sacrificio
682 4068 707 4116 in
719 4083 790 4118 mou·
862 4070 874 4104 b
890 4073 1002 4121 Pstmts
1010 4071 1125 4134 musitiis]
1136 4072 1190 4121 Psr
1201 4075 1358 4136 consitium

258 4146 288 4192 te
311 4141 438 4207 perfeeto,
454 4145 520 4193 rotis
540 4145 591 4193 rite
614 4145 641 4192 io
659 4144 789 4208 Capitolio
831 4148 970 4213 intelliges,
986 4149 1048 4214 quid
1068 4148 1217 4198 intenderet
1230 4151 1358 4214 Tiberius,

259 4216 525 4284 nuncupassemus
535 4219 622 4271 ferrer
638 4233 688 4271 nec
704 4221 789 4287 privs·
829 4223 891 4289 quid
907 4223 1101 4295 strneregquid
1118 4231 1239 4292 pareret,
1259 4227 1294 4279 de
1311 4229 1357 4279 tros
