2967 4867
269 349 338 418 ω
628 363 661 412 u.
684 362 863 412 bonumir
888 360 1014 409 runem
1213 366 1371 433 [num

267 516 403 594 tumque
431 507 570 572 Petrum
596 506 796 583 consutum,
820 509 883 570 ‘ut
906 510 1051 589 quatuor
1074 506 1196 573 millia·
1220 507 1370 574 libertini

267 609 421 696 gumtis,b
434 629 475 674 eu
487 609 732 692 superstitionec
748 608 879 684 inl'ucin,
894 608 971 689 quis
984 608 1106 674 idoneo
1118 615 1215 687 setus,
1232 611 1268 673 in
1281 612 1373 673 msu-

289 802 295 815 ‘
328 801 377 850 ‘bus
388 799 544 863 Egyplis'set
554 798 666 847 Jsdoicis
685 798 813 858 ejiciendis,
830 802 854 846 et
868 797 972 846 decreuit
990 803 1092 859 mss,
1110 805 1139 848 ut
1178 805 1273 847 nstuor
1290 798 1372 850 millis

265 817 446 916 ffitmornm
458 863 598 925 bominum,
608 878 639 911 es
650 863 786 927 impietate
798 861 980 924 contaminem,
991 863 1084 927 quibes
1094 869 1158 913 setes
1186 863 1273 925 ubilis,
1290 864 1318 913 in
1334 864 1372 913 in·

765 1048 870 1099 NOTAE

263 1180 349 1232 'endus
359 1179 459 1229 Seneca
470 1177 547 1242 epist.
559 1176 684 1226 roe‘lm
695 1175 798 1225 instinc·
837 1191 902 1238 sem,
924 1191 971 1226 cur
992 1176 1071 1241 ejecti
1097 1175 1164 1226 urbe
1188 1171 1277 1228 dodel
1300 1177 1371 1238 sim

266 1264 310 1310 tus
331 1257 459 1306 abstinere
482 1254 633 1305 animalibus
656 1254 740 1317 coepi:
769 1261 797 1303 et
836 1267 929 1316 nempe
952 1253 1052 1302 rtlomm
1071 1253 1292 1317 superstitionem,
1313 1267 1371 1317 qno

266 1347 333 1383 suno
345 1341 460 1397 peracto,
470 1347 521 1381 non
533 1338 633 1380 tontum
643 1330 724 1380 facilis
735 1331 796 1379 mibi
837 1329 1077 1382 tuminvaleseebst
1091 1329 1195 1378 Romu:
1222 1344 1273 1378 uec
1293 1330 1371 1378 eliens

265 1420 323 1463 eret
335 1409 556 1469 consuetudo,sed
569 1409 659 1457 dulcis.
693 1409 796 1460 Qurcris
836 1418 938 1452 censsm
956 1419 1067 1467 queres,
1086 1412 1132 1454 snt
1150 1404 1251 1466 credes,
1273 1414 1372 1468 preter

265 1483 394 1552 beonredo
406 1485 545 1535 desierim?
572 1485 601 1533 ln
620 1484 720 1533 Tiberii
740 1484 796 1533 Cre·
835 1478 914 1540 illm,
935 1493 992 1543 que
1015 1477 1119 1543 publius
1140 1477 1199 1529 fuit.
1241 1481 1370 1545 surpr-

263 1564 328 1613 seris
339 1563 510 1625 principatum
518 1562 635 1625 jurentre
647 1567 748 1623 tempus
759 1560 796 1608 in.
836 1554 910 1603 onius
932 1563 977 1604 snt
1001 1555 1109 1605 ulterius
1131 1565 1266 1616 metrone,
1289 1557 1369 1607 toties

265 1639 382 1689 uideret:
406 1639 700 1701 alienigenarumsscm
711 1649 795 1683 move·
836 1630 920 1693 gentis
942 1631 1047 1679 exilium
1066 1639 1110 1679 sut
1129 1632 1235 1680 exitium
1256 1646 1310 1681 non
1331 1634 1370 1682 in·

262 1714 372 1772 bsntur;
392 1721 419 1761 et
429 1713 498 1762 inter
509 1716 662 1774 arguments
672 1710 796 1773 sepersti-
835 1705 956 1755 vexisset.
978 1705 1063 1755 Aliter
1073 1706 1158 1759 dodosi
1170 1706 1241 1755 credi
1255 1697 1369 1759 voluere.

263 1790 341 1838 tionis
358 1788 507 1852 ponebatur
521 1786 666 1836 ersimsliem
684 1798 794 1850 quorun·
866 1782 1012 1833 bLibertini
1020 1783 1128 1847 emeris]
1156 1784 1285 1834 Decrevit
1295 1800 1368 1836 sens·

263 1864 323 1916 dem
334 1864 508 1914 abstinentis!
834 1866 884 1922 tus,
895 1868 926 1910 ut
936 1876 969 1910 ex
980 1861 1158 1911 libertinorum
1175 1875 1288 1924 corpore
1305 1878 1368 1926 qrss·

294 1942 464 2007 Apparetque
483 1955 542 1990 eum
559 1939 704 2002 intelligere
715 1939 794 1988 etism
834 1946 893 1987 tuor
903 1938 982 1987 millis
993 1938 1024 1987 iis
1036 1938 1128 1987 ritibus
1146 1936 1255 2001 fredulo,
1274 1938 1368 2003 quibus

260 2018 412 2071 Jndaeorum
438 2031 522 2077 secra,
551 2016 593 2081 qui
615 2015 794 2066 msdnemnnt
833 2019 895 2077 epte
910 2014 1009 2063 militie
1021 2021 1083 2063 tetes
1095 2012 1368 2075 esset,inSerdinism

261 2094 412 2144 animalibus
423 2091 583 2156 quibusdem,
592 2097 621 2139 ut
631 2105 685 2140 sue.
708 2089 794 2141 Qosn·
834 2089 1023 2150 eveherentur,
1049 2089 1076 2138 id
1099 2090 1229 2153 precipue
1256 2104 1290 2139 ex
1319 2104 1367 2141 usu

262 2184 338 2234 quem
358 2176 386 2218 et
404 2167 513 2218 Romani
524 2175 616 2232 postes
627 2166 719 2216 diebus
736 2166 795 2215 reli·
834 2164 945 2226 Reipub.
956 2163 1070 2214 futurum
1080 2164 1232 2214 videbatur:
1249 2179 1309 2214 nem
1319 2180 1367 2230 per

259 2245 340 2309 glosis
358 2244 487 2293 abstinere
507 2257 585 2293 mnne
605 2242 794 2308 coeperintlli·
833 2253 876 2290 eos
889 2239 1034 2289 nonmimu
1050 2255 1125 2304 quum
1145 2254 1192 2302 per
1210 2240 1315 2303 milites,
1331 2242 1365 2291 le·

260 2320 352 2384 gyptio
368 2319 429 2368 rito.
472 2319 623 2382 Spsrtisnos
633 2320 659 2368 in
669 2318 791 2371 loliano:
833 2315 1008 2380 trocininquae
1017 2314 1053 2364 ibi
1062 2316 1156 2378 passim
1165 2316 1366 2379 exercebuntur,

256 2396 353 2459 *Seps
372 2402 469 2457 sutem,
489 2395 561 2443 nulla
581 2394 710 2443 existente
730 2393 789 2443 reli·
829 2392 959 2455 compesci
968 2406 1060 2455 pusse;
1078 2400 1107 2440 et
1118 2390 1139 2440 si
1151 2392 1184 2441 ob
1195 2391 1263 2442 ebrie
1274 2392 1365 2443 intem·

258 2475 345 2540 tione,
361 2473 484 2535 oleribus,
499 2471 718 2537 leguminibusque
729 2486 789 2521 con·
828 2471 927 2533 periens
953 2477 1123 2531 morerentur,
1156 2470 1244 2520 vilium
1273 2487 1365 2524 exoso·

259 2558 356 2616 tentus,
366 2552 420 2600 sine
432 2564 509 2600 cerne
520 2545 648 2598 consuit?
828 2560 936 2610 rumque
947 2547 1061 2614 capitum
1071 2547 1137 2598 bsud
1156 2562 1261 2611 gravem
1274 2549 1364 2613 jectu·

288 2636 300 2662 ¹
317 2630 358 2676 Ds
367 2628 440 2680 sscris
451 2624 586 2689 AEgyptiis]
611 2623 788 2676 Sueton.’1ib.
829 2636 884 2671 rom
896 2622 961 2672 iore.

257 2708 299 2756 86.
332 2704 457 2753 Similiter
476 2703 564 2751 multis
581 2709 643 2750 sete
660 2700 789 2750 ennisAE·
860 2698 1113 2762 europaeorum]
1146 2698 1364 2762 Superstitionem

256 2781 360 2844 gyptius
380 2780 460 2837 Deos,
477 2777 629 2841 ‘Capitolio
645 2773 789 2840 prohibitor
828 2772 987 2836 AEgypu'um,
1009 2780 1038 2824 et
1059 2775 1196 2825 ludoicum
1219 2790 1297 2826 nemo
1323 2776 1364 2827 bic

255 2852 356 2915 infern,
375 2854 464 2916 idest,
481 2853 554 2903 curis
565 2854 681 2902 Deorum
692 2853 788 2917 pulsos,
828 2849 931 2898 dubitet
949 2850 1045 2899 cultum
1067 2850 1191 2913 Deorum,
1211 2860 1364 2917 sectamque

256 2931 320 2983 Piso
342 2938 369 2980 et
388 2930 514 2981 Gabinius
533 2930 606 2980 Coss.
627 2944 677 2979 noo
697 2929 789 2993 utiquo
828 2925 1009 2990 AEgypriomn
1027 2940 1058 2976 sc
1074 2926 1242 2978 Judsieornm
1264 2927 1362 2991 signifi-

255 3007 406 3070 Cltristissi,
416 3007 511 3057 eversis
522 3006 600 3057 etism
617 3007 669 3055 oris
687 3020 788 3069 eornm,
828 3015 897 3051 care.
930 3000 982 3051 Ins.
995 3001 1054 3052 lrist.
1065 3002 1081 3051 l.
1092 3016 1119 3052 v.
1130 3003 1137 3028 ‘
1149 3001 1207 3052 ilex
1216 3001 1364 3054 Antiochus

254 3081 449 3145 sbdiosserent,
468 3083 582 3145 turpium
602 3089 630 3131 et
648 3079 788 3130 otiosorum
827 3076 932 3127 demere
965 3079 1177 3142 superstitionem
1212 3088 1240 3129 et
1276 3094 1362 3130 mores

252 3160 467 3224 superstitionum
479 3158 541 3207 vitis
552 3157 718 3207 cohibentes!
828 3153 980 3203 Greconm
1007 3154 1070 3204 dore
1098 3155 1224 3207 annixus?
1266 3157 1363 3209 Quem-

286 3242 299 3269 ·
316 3237 425 3291 Quattuor
434 3235 520 3299 millis]
534 3234 663 3296 Joeephus
674 3233 691 3282 Ι.
704 3245 787 3281 xvsu.
828 3230 918 3280 obrem
929 3229 1042 3280 ssbitror
1062 3231 1202 3295 Ulpiorum
1223 3232 1249 3282 in
1272 3234 1316 3283 tit.
1327 3233 1361 3283 de

199 3309 203 3312 ’
253 3309 282 3360 id
292 3310 421 3373 deploret,
438 3318 466 3361 et
476 3309 589 3361 ostendit
600 3310 626 3359 io
638 3322 670 3357 eo
680 3321 786 3357 numero
827 3305 1231 3359 Decurionib.sensisse.lndaeos
1242 3322 1362 3372 nonpro·

253 3386 320 3435 solos
347 3385 452 3436 Judaeos
472 3386 561 3448 fuisse,
577 3386 618 3434 cni
646 3382 787 3432 subscribit
826 3382 910 3431 biberi
927 3397 984 3433 esse
1004 3382 1172 3433 decuriones:
1197 3396 1284 3448 neque
1302 3398 1360 3433 enm

252 3459 407 3511 Suetonius:
432 3459 597 3510 ‘Judeorom
610 3460 786 3523 juventutem,
826 3472 881 3508 rem
892 3459 1023 3522 pertinere
1034 3460 1066 3508 ud
1076 3458 1242 3508 Christianos.

253 3549 301 3601 per
310 3535 592 3599 speciemsncramenti‚
602 3535 628 3582 in
637 3534 785 3598 provincius
857 3534 969 3586 Quidum
986 3541 1081 3599 petant
1096 3534 1138 3583 bic
1153 3534 1264 3598 intelligi
1278 3535 1361 3586 Ciris-

234 3609 595 3678 .gnviosisooelidistribuit.'
608 3609 677 3659 Huic
684 3610 785 3659 cslnmi-
825 3609 912 3674 tiseos,
931 3611 1080 3662 testimonio
1100 3609 1218 3675 ejusdem
1237 3609 1361 3674 Cornelii,

251 3690 302 3742 teti
319 3689 480 3740 occmionem
504 3699 662 3749 comumque
681 3686 783 3748 praebn·
825 3686 869 3750 qni
883 3688 957 3742 lxv.
970 3695 1047 3736 vocnt
1062 3685 1257 3736 ‘execrabilem
1269 3701 1360 3751 super·
1394 3709 1413 3722 =

251 3765 304 3818 isse
315 3772 406 3830 stsprs
416 3762 542 3829 quedem,
550 3769 577 3810 et
586 3760 691 3810 fraudes
700 3768 783 3811 tectos
823 3760 953 3812 stitionem
964 3762 980 3824 ς’
1004 3762 1084 3811 Plinii
1102 3761 1134 3810 ed
1148 3762 1297 3827 Trnjnnnm,
1314 3763 1358 3829 qui

250 3842 354 3908 mins
386 3840 526 3904 religionis,
557 3852 609 3888 non
641 3837 783 3902 injucunde
822 3837 1050 3901 ‘superstitionem
1061 3851 1176 3901 prusam,
1187 3838 1361 3888 immodicum·

250 3917 379 3982 Jnseplsus
399 3917 468 3966 idem
486 3915 613 3967 describit
632 3914 657 3963 in
678 3914 783 3964 historie
822 3913 898 3976 φης’
924 3921 952 3963 el
973 3913 1100 3973 Suetonii,
1118 3913 1163 3977 qui
1181 3915 1308 3978 ‘novem
1326 3930 1358 3964 eo

250 3992 377 4042 Psnllinae
389 4001 416 4043 et
428 3991 537 4052 Mundi;
557 3989 782 4056 quemdominus
822 3989 983 4048 maledcsm’
994 3989 1127 4054 sppellent
1136 3988 1311 4041 Christianum
1319 4005 1358 4039 re·

249 4064 313 4126 fert,
323 4067 391 4130 vide,
405 4069 423 4117 1.
435 4081 517 4117 xvrrs.
529 4071 554 4117 t.
741 4078 749 4090 ·
822 4065 952 4130 ligiouem.

282 4141 379 4192 Mirm
398 4149 440 4194 est
456 4142 490 4193 de
509 4143 604 4193 talibus
614 4143 710 4205 stupris
720 4141 781 4191 silu-
853 4140 906 4190 Sed
917 4155 965 4205 per
972 4140 1163 4205 superstitiosum
1172 4147 1246 4190 certe
1261 4139 1356 4192 intelli-

247 4217 436 4283 isss'l'seitum,
455 4220 500 4285 qui
517 4219 618 4268 uniosrn
635 4217 782 4269 sffertcsu·
820 4220 906 4287 gendo
921 4219 1107 4286 udedsdsiou,
1124 4217 1188 4273 nihii
1206 4218 1289 4286 uiuo,
1304 4218 1356 4270 boc
