2967 4867
227 392 296 458 ott
517 394 520 401 '
580 405 611 454 o.
634 401 818 453 conuenit
843 396 970 449 rsorrt
1173 404 1335 469 [suus.

230 551 408 637 ignovisse.
451 547 598 615 Aeolum
617 549 703 626 bine,
719 567 882 613 concessu
911 546 1082 624 Herculis,
1109 565 1186 610 cum
1214 545 1337 629 Lydiar

231 655 405 737 potiretur,
430 651 658 716 caerimoniam
688 649 842 731 templus·
872 666 979 731 neque
1009 646 1185 711 Persarum
1212 647 1336 712 ditione

232 753 432 819 deminutum
442 754 510 837 jue.
554 750 638 816 Post
653 750 871 827 Macedonas,
887 750 962 812 dein
977 768 1037 812 nos
1052 748 1262 812 servavisse!

273 855 328 920 62.
351 853 516 919 Proximi⁴
534 852 716 935 Magnetes
726 849 765 913 L.
778 850 945 933 Scipionis
958 856 992 913 et
1006 849 1044 912 L.
1059 849 1159 932 Syllae
1175 850 1335 914 eonstitu-

230 958 275 1023 tis
288 958 488 1022 nitebantur:
511 972 652 1038 quorum
667 954 722 1017 ille
737 951 979 1027 Antiocho,bie
996 950 1200 1014 Mithridate¹
1215 951 1335 1032 pulsis,

230 1057 329 1122 fidem
356 1067 456 1140 etque
478 1056 633 1120 virtutem
659 1054 854 1136 Magnetum
877 1053 1085 1129 decoravere,
1108 1051 1157 1114 uti
1184 1051 1334 1116 ‘Dianae

232 1157 518 1243 Leucophrynaeu
533 1155 716 1240 perfugium
729 1154 932 1218 inviolabilev
947 1152 1053 1218 soret?
1095 1151 1334 1235 Aphrodisien-

231 1353 381 1419 religionem
391 1353 503 1416 delubri,
515 1352 644 1405 beneficio
655 1353 786 1415 Herculis,
800 1367 858 1403 enm
871 1352 978 1415 Lydium
999 1351 1129 1401 obtineret
1140 1366 1148 1409 ;
1169 1364 1255 1413 neque
1273 1349 1336 1399 Per·

232 1433 316 1467 serum
328 1419 438 1481 imperio
450 1419 496 1483 jus
507 1419 679 1468 immutatum.
712 1417 819 1467 Deinde
834 1416 1002 1477 Macedones,
1012 1426 1104 1480 postes
1116 1416 1254 1475 Romanos,
1266 1414 1334 1462 idem

233 1496 517 1609 copsoeurtvplspp.prmm
534 1545 616 1595 locuti
634 1545 769 1607 mames,
820 1544 889 1594 &snt
915 1542 1120 1593 constitutionibus
1138 1543 1166 1592 L.
1178 1541 1299 1604 Scipionis
1311 1545 1334 1589 el

231 1609 262 1658 L.
275 1610 357 1674 Spllae,
368 1624 381 1659 e
391 1609 473 1672 quibus
482 1611 522 1659 ille
532 1609 657 1672 Aetionis,
672 1609 710 1658 llic
723 1608 774 1658 Mit
807 1610 812 1620 '
855 1624 868 1657 e
872 1608 938 1668 fusr‘s
946 1609 1096 1670 jugulisque,
1106 1622 1216 1655 ornnem
1225 1611 1335 1655 eosdm·

231 1674 290 1723 timu
300 1671 500 1734 etsortitsdisess
511 1674 662 1736 Μαριάμ,
674 1680 702 1722 nt
712 1673 838 1736 templum
856 1673 949 1722 Disuae
968 1674 1164 1736 Leucoplrryuae
1176 1678 1294 1720 sanetum
1306 1677 1334 1718 et

690 1814 869 1836 effluente

243 1900 277 1950 ‘l
304 1899 347 1950 Ite
368 1907 471 1950 veteres
494 1898 621 1949 editiones
642 1905 670 1948 et
691 1901 859 1951 recentiores.
901 1899 1027 1951 Qnaedsm
1049 1897 1150 1957 medie,
1172 1892 1334 1946 Mitiendite.

230 1962 369 2014 Habentur
398 1964 484 2012 uidem
495 1963 591 2014 nummi
611 1969 813 2015 ltIOPAAA'm'r.
841 1964 912 2014 Nihil
934 1971 1020 2012 temen
1038 1963 1190 2010 uouendum.
1224 1963 1334 2011 Brotier.

229 2032 279 2077 -2
294 1979 481 2091 [cumpinum
501 2026 619 2077 Brotier:
653 2028 690 2077 sie
708 2034 738 2078 et
756 2028 900 2077 Beroaldus
918 2035 946 2076 et
964 2027 1091 2076 editiones
1105 2041 1193 2075 omues
1214 2034 1334 2085 veterem

228 2092 331 2156 Lipsius
342 2091 503 2151 emendavit,
512 2091 694 2156 saepem.
723 2091 761 2141 At
772 2092 834 2141 nibil
846 2090 1011 2150 mutandum
1029 2092 1138 2139 maxime
1151 2105 1211 2139 eum
1220 2090 1333 2138 iubesn-

229 2162 273 2205 tur
284 2158 379 2205 nummi
389 2157 415 2205 in
426 2154 517 2219 quibus
529 2156 677 2220 appelletur
686 2161 917 2217 Amomfltffl,
926 2169 1002 2220 quem
1023 2155 1060 2204 sie
1077 2162 1193 2203 vocalem
1207 2170 1222 2202 e
1234 2155 1333 2203 Leuco-

10 2228 11 2295 ᾗ
117 2261 120 2267 .
229 2220 337 2283 phryne,
346 2221 372 2269 in
382 2221 431 2268 lroe
444 2220 541 2283 templo
551 2220 663 2283 sepulte,
674 2222 752 2270 doeet
764 2221 836 2270 Zeno
848 2219 970 2284 Myndius
990 2217 1058 2282 spud
1080 2220 1240 2268 Clementem
1252 2217 1333 2268 Alex-

229 2284 328 2334 andrin.
339 2285 365 2332 in
377 2283 513 2346 Protrept.
530 2298 557 2346 p.
572 2287 614 2333 89.
630 2285 737 2336 Brolier.
772 2285 902 2334 Homerus
921 2284 1002 2333 hebet
1017 2283 1214 2347 Iaeseopllrpenae,
1225 2291 1253 2332 st
1265 2283 1333 2333 Gro-

226 2348 317 2397 novius
329 2355 357 2398 et
368 2347 486 2410 Ryekins
496 2347 679 2412 Leucopllsyeae.

728 2494 839 2548 uo‘rn
904 2478 907 2481 ’

228 2588 297 2641 Quin
309 2588 401 2640 endem
409 2605 478 2641 nune
486 2591 519 2642 de
528 2591 565 2641 eis
576 2590 761 2656 predicentur,
801 2594 911 2645 eddidit.

227 2677 304 2726 quem
317 2665 419 2729 quidem
438 2681 493 2714 rem
512 2666 632 2730 adauget,
651 2673 680 2717 et
694 2666 761 2718 iecit
830 2670 842 2705 θ
862 2670 983 2735 Proximi]
998 2669 1042 2720 Sic
1059 2682 1146 2732 suprs,
1163 2667 1267 2717 ‘Primi
1278 2680 1331 2716 om·

227 2746 257 2788 ut
278 2740 358 2802 magis
380 2741 487 2804 entique
521 2741 660 2791 ereduntur
683 2758 759 2808 qnam
797 2746 868 2794 nium
879 2745 984 2809 Ephesii
995 2744 1100 2795 adiere!
1135 2742 1330 2808 inquibusdsm

227 2830 309 2877 novn3
326 2815 394 2881 quod
404 2831 496 2880 nempe
506 2817 584 2866 urbes
594 2818 713 2882 quedem
724 2820 758 2870 eb
798 2821 866 2871 edit.
882 2821 1005 2871 Proximo.

226 2893 277 2941 illis
292 2891 404 2943 eonditte
424 2899 452 2943 et
469 2893 655 2956 cognominatus
673 2896 758 2958 perbi-
832 2897 992 2961 llldngueles]
1017 2897 1120 2959 Nempe
1140 2893 1278 2959 Magnesia
1296 2892 1330 2942 sd

226 2969 347 3030 beentur,
358 2975 388 3017 ut
399 2969 525 3033 Ephesus,
535 2970 654 3033 smyrne,
665 2972 757 3034 Cnme,
797 2973 921 3037 Sipylum.
955 2973 1024 3021 Vide
1034 2986 1065 3022 rr.
1077 2976 1118 3021 tr.

226 3045 341 3111 Myrina,
352 3044 461 3109 Puplre!
829 3055 841 3080 ⁸
858 3049 947 3098 Dim
964 3045 1150 3111 Lestoplrpsae]
1170 3047 1253 3097 Recte
1269 3047 1329 3096 Les·

258 3128 271 3165 t
298 3121 359 3177 Qua
378 3137 445 3171 nrum
466 3122 612 3188 insederunt]
637 3123 703 3175 Qnae
723 3123 757 3174 sd
795 3124 926 3188 oppii-yse.
944 3123 1005 3188 Ejus
1014 3125 1079 3173 Dee
1089 3123 1246 3186 templumin
1255 3124 1329 3187 Meg·

224 3210 294 3246 srsm
307 3197 437 3262 supplices
454 3196 633 3261 contingerent.
668 3199 698 3248 ln
713 3199 757 3248 illo
796 3199 899 3248 netibus
910 3199 1047 3262 descripsit
1057 3197 1151 3247 Strabo
1163 3197 1181 3247 l.
1193 3210 1250 3248 xiv.
1261 3198 1329 3248 Ceu·

224 3272 284 3325 lnoo
295 3280 397 3323 tentum
406 3289 451 3323 ern
468 3273 542 3323 initio
555 3273 615 3338 fnit,
629 3276 756 3338 templum
795 3288 849 3323 snm
857 3274 1016 3338 cognominis
1025 3273 1057 3323 sd
1067 3272 1196 3322 feminum
1206 3273 1329 3338 sliqnem,

224 3355 316 3414 postea
336 3351 468 3400 eonditum
486 3357 536 3412 est,
545 3367 652 3401 nemesus
662 3351 757 3401 Heres-
796 3367 855 3417 que
866 3353 902 3402 ibi
913 3351 1028 3413 condite,
1045 3350 1142 3400 ret‘erre
1162 3365 1195 3400 ex
1211 3349 1328 3399 Arnobio

222 3424 263 3476 lis.
296 3424 357 3474 Arse
367 3425 514 3488 hujusmodi
528 3426 672 3490 magnifiee
684 3428 756 3487 olim,
797 3428 890 3490 possis,
901 3427 958 3477 Lib.
970 3441 1011 3478 vr.
1034 3428 1043 3456 ‘
1055 3426 1086 3477 ln
1098 3426 1237 3489 Didymae
1251 3426 1327 3475 Mile·

223 3513 273 3550 nec
283 3500 340 3549 sine
351 3500 507 3565 amplissimo
526 3500 622 3551 decore
639 3510 756 3553 exstrue·
796 3503 834 3552 sio
845 3503 985 3553 Clenebnm
996 3501 1059 3550 dleit
1075 3501 1196 3549 babuisse
1207 3514 1328 3563 supreme

223 3582 267 3628 tre.
299 3574 467 3638 Videsuprs.
796 3579 943 3628 Iaesndrus:
961 3576 1058 3626 funeris
1069 3576 1266 3638 leucophrynae
1275 3590 1327 3625 mo·

256 3660 266 3686 ¹
284 3651 373 3718 Lydis]
398 3650 539 3702 Provineis
557 3650 627 3702 Asiae
645 3653 756 3703 Minoris
794 3663 943 3704 numentum
959 3654 986 3702 in
998 3652 1059 3702 inno
1075 3652 1144 3715 spnd
1165 3652 1326 3714 Megnesism

222 3728 364 3793 peninsnlae
381 3743 471 3778 versus
489 3727 663 3791 occidentem,
683 3731 755 3779 eled
796 3729 889 3779 Dieme
910 3743 967 3779 esse
987 3728 1110 3791 Myndius
1137 3726 1277 3790 profitetur
1293 3742 1324 3778 ec

222 3805 348 3856 Hermum
359 3804 478 3867 fluvium5
489 3805 565 3856 bodie
577 3820 637 3868 pers
647 3806 754 3869 prelee-
795 3810 920 3854 memoret
932 3802 1020 3854 Zeno!

221 3888 289 3933 ture
308 3883 414 3933 Notolie
432 3882 502 3933 eires
518 3881 623 3932 fluvium
642 3882 754 3946 Smobst,
827 3882 863 3929 Et
881 3880 1016 3929 clemente
1036 3879 1061 3926 in
1081 3878 1216 3942 Protrept.
1241 3881 1325 3931 ‘Hoc

221 3965 250 4008 st
258 3959 407 4023 oppidulum
416 3960 515 4024 Sordes,
526 3962 576 4010 dre.
585 3959 631 4009 sub
641 3960 753 4010 Turcico
794 3957 851 4006 loeo
863 3962 1053 4004 mouumentum
1063 3963 1103 4003 est
1116 3955 1326 4019 Leucophrynes,

221 4033 331 4095 imperio
344 4036 465 4085 Asiatico.
793 4031 862 4097 qnod
875 4032 1007 4097 preterire
1017 4031 1120 4080 silentio
1128 4046 1178 4080 non
1190 4032 1325 4093 debemus,

255 4109 383 4172 ⁸Temptt]
400 4110 569 4175 Veiquieibi
581 4111 706 4174 templum
718 4111 751 4162 de
793 4115 932 4173 sequentes
951 4108 1081 4157 Zenonem
1102 4108 1248 4171 Myndium,
1266 4123 1323 4173 qne

221 4195 288 4231 novo
299 4184 397 4233 struxit
413 4183 550 4246 Hercules,
566 4185 607 4232 vel
619 4185 681 4250 quis
695 4187 753 4249 jum
792 4184 820 4234 iu
842 4184 940 4248 templo
959 4183 1051 4245 Disnae
1070 4183 1140 4247 sputi
1160 4184 1324 4247 Magnesiam

221 4263 322 4308 structo
338 4259 439 4322 templo
456 4258 606 4321 religionem
625 4259 752 4323 majorem
791 4260 895 4324 sepulte
912 4258 970 4309 est?
1001 4259 1053 4309 Vel
1063 4258 1096 4309 sd
1112 4259 1239 4310 Tenedon
1254 4258 1322 4309 inss-
