2967 4867
268 376 333 442 tto
619 393 653 442 o.
677 390 862 441 coaunuu
884 389 1014 441 ututur
1207 392 1373 462 [murra

269 534 313 599 ad
328 537 516 602 memoriam
525 537 656 603 virtutis
671 537 830 612 carmina,
842 540 874 599 et
892 534 1115 613 landutmes,
1135 540 1168 599 et
1191 535 1371 620 lacrymas,

269 638 321 701 ιιι
337 636 458 703 ιιοιοιιι
472 639 675 703 imitamenta
683 636 709 701 ι’

312 741 344 803 u.
363 740 509 806 Gnarum
522 741 557 805 id
569 740 705 805 ‘liberio
720 740 804 821 suit3
827 745 929 824 utque
951 744 1113 823 premeret
1134 739 1224 821 vttlgi
1248 756 1372 802 sermo-

270 856 340 919 nes,
364 842 490 905 monuit
516 838 659 907 euictozt
679 845 689 874 ‘
707 840 834 906 Multos
863 840 1040 905 illustrium
1069 839 1299 905 Romanomm
1327 839 1370 904 ob

271 940 452 1025 Rempubl.
464 943 609 1021 obiiaac3
631 943 792 1006 neminem
806 948 874 1006 tam
884 942 1035 1024 flagranti
1045 942 1209 1006 desiderio
1224 942 1372 1005 celebra·

271 1049 361 1110 tum:
383 1041 485 1125 idque
498 1049 532 1108 et
546 1044 632 1107 sibi¹
649 1050 683 1108 et
697 1045 851 1107 cunctis²
865 1044 1041 1126 egregium,
1057 1044 1086 1107 si
1107 1043 1228 1108 modus
1246 1043 1374 1128 adjice-

266 1223 573 1303 permansuerunt
590 1226 618 1276 ιιι
634 1225 714 1275 decus
734 1226 815 1290 ipsius
831 1224 992 1276 fortitudinia
1008 1231 1109 1288 cautas,
1128 1232 1157 1276 et
1177 1227 1340 1291 concionem·
1345 1234 1373 1279 et

271 1291 362 1352 lessus,
371 1292 413 1339 vel
424 1291 474 1341 alia
485 1291 599 1341 tristitiae
610 1291 763 1340 simulacra?

305 1354 434 1415 (Σιμιιιιιιι
444 1355 470 1404 id
483 1354 633 1417 liberiefait
638 1361 680 1412 ιιι
691 1354 803 1419 utputo
728 1354 916 1419 peterem
921 1354 1048 1415 cohiberet,
1055 1355 1173 1404 ιιιιιιιιιιιιι
1182 1355 1257 1405 edicto
1259 1356 1374 1420 ,pleros-

271 1419 457 1480 quauobilium
469 1419 642 1469 Romanomm
674 1418 813 1483 roliepub.
824 1418 962 1481 interiisse,
972 1420 1071 1468 nullum
1090 1426 1144 1469 tam
1162 1419 1266 1469 ardenti
1286 1421 1372 1470 studio

272 1491 300 1532 et
311 1481 401 1533 dolore
409 1483 624 1536 commendatum
654 1434 741 1549 idque
753 1491 781 1533 et
792 1484 841 1532 sibi
860 1489 889 1533 et
903 1484 1022 1533 omuibus
1040 1483 1204 1548 decorum,
1184 1499 1206 1533 ιι
1225 1484 1320 1534 modus
1330 1484 1374 1535 ad·

728 1628 905 1652 OOOWNO

273 1732 440 1847 ωιωιῑιιιιιιι
450 1739 535 1785 tentat
544 1734 763 1801 limatoqttqae
770 1735 824 1789 aiil.
835 1736 949 1789 Brctier
948 1742 998 1788 -ι
1010 1735 1376 1803 Ριιιιιιιιιιιιιιιι,ιι,ιιιισιιί

765 1881 876 1935 NOTAE

275 2010 327 2059 ritu
341 2008 438 2060 Herod.
448 2010 466 2058 l.
478 2023 518 2060 rr.
535 2007 616 2060 ‘Mos
632 2016 671 2060 est
683 2007 805 2061 Romanis
844 2008 911 2059 dinis
930 2009 1080 2060 nobilissimi
1097 2025 1128 2060 ae
1146 2008 1281 2060 lectissimi
1300 2006 1375 2075 jure·

273 2100 429 2135 consecrare
439 2085 623 2150 Imperatores,
631 2086 673 2152 qui
683 2084 806 2150 superati·
844 2098 899 2148 nes,
908 2100 1006 2151 perque
1018 2089 1085 2139 viam
1097 2098 1195 2136 sacram
1216 2085 1243 2135 iu
1254 2093 1331 2137 retus
1339 2085 1376 2135 i'o·

274 2162 344 2210 tibus
361 2161 419 2210 liliis
433 2162 474 2211 vel
491 2161 682 2212 autecessoribtu
693 2162 805 2212 moriun-
845 2174 901 2211 rum
919 2160 1050 2223 deferunt,
1065 2161 1111 2211 ubi
1131 2163 1300 2226 magistratus
1323 2162 1376 2212 tto·

277 2244 329 2298 tur,
347 2238 443 2303 quique
459 2253 491 2287 eo
510 2246 571 2289 sunt
586 2239 683 2289 bonore
706 2237 805 2301 affecti,
845 2237 915 2286 mani
936 2236 1066 2301 deponere
1083 2237 1218 2302 imperium
1237 2250 1376 2286 consuere·

276 2313 353 2364 relati
368 2313 490 2363 diennutr
505 2313 673 2364 iuterDivos.
699 2316 749 2364 Ειι
761 2330 805 2364 au·
846 2314 985 2372 ruut‚’&c.

277 2395 330 2437 tem
349 2396 406 2439 tots
426 2389 491 2439 urbe
509 2390 581 2455 quasi
602 2392 688 2441 luctus
701 2391 805 2456 quidam
876 2390 889 2425 ι
906 2390 1099 2454 Mosaitedieto]
1115 2390 1158 2440 lta
1169 2388 1306 2440 morisl'uit
1317 2395 1377 2440 ata·

272 2464 352 2524 ¹serbe
363 2466 508 2516 celebritati
520 2466 689 2529 promiscuus.
700 2466 806 2530 Quippe
846 2474 872 2518 te
889 2468 941 2530 illa,
952 2476 981 2517 ut
998 2468 1118 2532 princeps
1135 2467 1256 2530 populum
1268 2480 1377 2529 pecean-

276 2540 392 2591 functum
410 2542 465 2591 vita
482 2555 584 2605 eorpus,
594 2542 646 2591 ritu
664 2542 807 2602 bominum,
846 2553 900 2595 tem
918 2553 964 2595 sut
984 2545 1173 2595 exorbitantem
1199 2544 1377 2608 alloqueretur

276 2623 409 2667 sumtuose
422 2615 514 2668 funere
529 2618 667 2681 sepeliunt.
696 2617 748 2667 Sed
764 2631 806 2666 ce·
847 2634 895 2685 per
911 2620 1037 2678 libellum,
1052 2618 1249 2683 subrueretque.
1283 2619 1322 2668 Eo
1338 2631 1378 2668 re·

270 2707 346 2761 ream
359 2695 496 2756 imaginem
507 2692 631 2744 defuneto
642 2709 717 2759 quam
729 2694 807 2744 simii·
847 2696 928 2761 spicit
938 2694 1090 2757 metaphora
1102 2695 1167 2745 scita
1178 2695 1286 2743 Seneca
1298 2693 1378 2757 epist.

276 2770 361 2819 limam
373 2769 485 2835 fingunt,
504 2785 612 2834 eamque
623 2772 649 2820 iu
661 2772 740 2836 regiae
753 2786 806 2821 ues-
845 2776 887 2822 ιιι.
900 2774 909 2799 ⁴
921 2772 1060 2836 Precepta
1074 2770 1218 2835 sapientia,
1229 2784 1288 2834 quat
1299 2767 1378 2820 affec·

277 2844 359 2895 tibulo
379 2852 539 2909 proponunt,
560 2862 640 2910 supra
666 2847 805 2896 eburneam
846 2856 889 2898 tus
917 2857 1027 2909 nostros,
1049 2848 1121 2897 vetut
1140 2846 1237 2905 edicto,
1253 2845 1379 2895 co'e‘rcent

276 2923 372 2972 lectum
394 2923 532 2973 marimum
561 2930 641 2987 atque
661 2923 806 2985 sublimem,
845 2929 873 2973 et
887 2921 1022 2987 obligant?

278 2997 393 3047 vestibus
403 2998 539 3048 instratum
548 2998 646 3047 aureis:
663 3003 691 3047 et
702 2999 806 3062 quidem
879 3000 977 3065 Edicto]
999 2998 1101 3050 Edictis
1120 3013 1171 3050 nou
1186 3004 1290 3049 tantum
1303 2996 1380 3062 jube-

277 3074 362 3137 imago
372 3072 417 3123 ills
429 3074 462 3123 ad
476 3074 567 3138 egroti
582 3074 695 3137 speciem
709 3073 806 3139 pallida
846 3075 910 3126 bant
931 3076 1028 3140 aliquid
1049 3075 1117 3138 lieri,
1136 3082 1181 3125 aut
1201 3074 1326 3123 vetabant
1346 3086 1378 3123 ae

277 3150 423 3201 recumbit:
440 3151 509 3199 circs
527 3151 626 3201 lectum
643 3165 705 3200 vero
717 3151 806 3207 utrim-
846 3152 931 3215 lieret,
942 3152 987 3202 sed
1003 3151 1285 3216 monebautpopulnm‚
1295 3150 1379 3200 inere·

277 3241 327 3292 que
338 3241 455 3292 maguam
474 3234 577 3290 partem
594 3226 645 3276 diei
664 3226 774 3287 sedent;
791 3242 809 3275 a
846 3227 954 3292 piabant,
976 3227 1113 3277 docebant.
1146 3227 1240 3276 Horat.
1255 3225 1306 3275 ‘sl
1321 3227 1380 3291 qaia

278 3304 343 3353 lara
356 3304 461 3368 quidem
478 3310 582 3353 senatus
599 3303 681 3351 omnis
693 3303 808 3352 uestibus
846 3317 914 3353 nunc
933 3318 1033 3367 mergos
1053 3317 1143 3352 suares
1163 3301 1277 3352 edixerit
1299 3314 1382 3364 assos,

278 3377 341 3427 atris
358 3380 482 3439 amictum
499 3395 515 3428 a
533 3378 628 3432 dextra
638 3393 700 3429 uero
716 3386 809 3429 matre·
848 3379 956 3429 Patebit
968 3381 1041 3444 pravi
1052 3379 1142 3428 docilis
1153 3378 1270 3429 Romana
1285 3377 1380 3442 jureu-

277 3467 328 3514 ιι,
337 3468 400 3517 quas
411 3454 521 3503 uirorum
540 3462 586 3504 aut
603 3461 740 3520 parentum
752 3455 808 3519 dig·
847 3456 906 3505 tus!
937 3455 981 3505 Sic
992 3454 1124 3518 Augustus
1139 3462 1208 3525 totqs
1221 3453 1301 3503 libros
1310 3459 1383 3503 rete·

278 3527 346 3578 ultas
367 3529 504 3578 honestatx
519 3530 661 3594 harumque
679 3532 749 3581 nulla
767 3531 808 3579 uei
848 3546 903 3580 rum
915 3531 1044 3581 interdum
1057 3546 1105 3594 per
1115 3530 1229 3579 edictum
1245 3536 1323 3579 notus
1335 3544 1381 3593 pu-

278 3619 369 3656 anrnra
387 3613 490 3669 gestam
506 3606 548 3655 vel
563 3613 654 3657 oruata
671 3608 809 3657 monilibus
849 3607 992 3672 pulosecit.
1024 3605 1383 3670 Siccutgatapopntomeb

278 3759 327 3811 bus
335 3760 611 3817 incommutatum
620 3763 734 3823 speeiem
745 3776 810 3825 prae·
849 3765 901 3809 ret.
932 3759 977 3809 Sic
993 3758 1124 3819 Claudius,
1134 3756 1273 3822 aliquando
1290 3757 1383 3819 edixit,

279 3836 352 3889 beot
378 3836 444 3886 Hac
455 3838 491 3885 ita
511 3850 558 3900 per
568 3845 669 3901 septem
680 3836 736 3886 dies
748 3852 809 3887 eon·
849 3843 880 3885 ut
903 3834 973 3886 dolia
999 3835 1064 3884 bene
1091 3834 1253 3899 picerentur,
1274 3832 1381 3883 uberem

278 3913 364 3964 tiuuos
387 3913 496 3975 faciunt,
515 3912 621 3963 medicis
650 3912 683 3962 ad
711 3915 808 3964 lectum
847 3911 916 3961 cuim
936 3912 1067 3961 uinearum
1087 3917 1240 3973 proventum
1259 3905 1337 3958 fore:
1355 3915 1382 3959 et

278 3989 395 4053 quotidie
408 3989 601 4051 accedentibus,
612 3989 808 4055 inspectumque
847 3987 939 4037 eodem
951 3986 1004 4049 die,
1014 3986 1077 4036 nibil
1087 3999 1159 4050 nque
1168 3982 1255 4034 facere
1266 3985 1381 4050 adripe·

280 4065 352 4113 velut
373 4079 470 4127 agrum
490 4064 605 4113 deterius
634 4080 662 4114 se
692 4064 808 4131 quotidie
849 4076 884 4110 ra
900 4077 1022 4124 morsum,
1042 4075 1118 4127 quam
1139 4063 1191 4110 taai
1209 4062 1310 4112 arborio
1326 4076 1382 4112 sae·

278 4139 374 4189 babere
385 4141 619 4202 pronuntiantibus.
651 4141 754 4190 Deinde
765 4140 808 4190 ubl
849 4153 916 4188 cum.
950 4139 985 4188 Et
998 4137 1264 4188 meditatusedtctum
1275 4138 1380 4198 dicitnr,

275 4213 516 4280 Jamrisusobllsse
528 4216 605 4275 diem,
614 4217 710 4265 lectum
722 4218 809 4265 burne·
848 4230 900 4279 quo
912 4216 1010 4269 reniam
1021 4213 1095 4264 daret
1108 4211 1223 4263 efflatum
1242 4215 1381 4278 crepitan-
1460 4246 1465 4269 ι

279 4288 810 4369 riuattoliuutequestrisseuatoriiqueor·
849 4304 901 4356 que
920 4288 1018 4339 uentris
1046 4290 1072 4339 in
1093 4289 1213 4339 convivio
1238 4288 1381 4340 emitteadb
