2967 4867
111 386 247 452 anau]
469 384 679 434 snuunruu
705 385 857 434 urn.1u.
1144 362 1210 439 tw

614 544 719 594 ΝΟΜ

111 630 224 731 mistim
240 669 291 705 uec
300 653 370 706 forte
384 656 432 719 ipsi
443 656 469 704 iu
487 669 577 704 necem
588 655 644 705 Ca·
713 658 842 710 Mandant
857 667 952 721 autem,
968 660 1010 708 rel
1026 626 1115 709 libello
1130 659 1213 724 obsig-

111 731 179 780 nris
198 732 307 793 ducere,
321 733 366 781 aad
381 733 443 783 tulis
462 748 495 781 es
513 731 605 795 quibus
617 731 643 780 id
681 741 742 783 nato
761 751 837 784 mauu
856 752 912 793 suu,
927 750 972 785 seu
990 737 1093 795 annulo,
1112 737 1153 786 vel
1165 750 1210 787 ore

112 806 240 857 adamat
254 807 319 856 Piso
328 815 356 857 et
370 807 505 869 Plancina,
516 807 588 871 quasi
599 820 645 870 per
681 813 802 875 propri03
828 813 965 863 Sallustius
985 812 1039 875 ipse
1058 812 1150 862 scribit
1169 828 1225 883 οοχ

113 879 225 931 officinm
238 883 265 931 in
276 885 460 947 imperitantes.
681 886 750 935 mine
766 887 919 950 principum,
939 887 1093 951 mandatque
1112 887 1212 938 casdem

148 957 207 1008 Nec
225 959 297 1009 dicas
319 970 371 1011 tam
391 962 549 1011 inconsultos
567 960 644 1010 luisse
682 962 800 1011 Postumi
827 963 951 1025 Tribuuo,
980 978 1024 1011 serr
1050 963 1213 1025 Centurioui,

115 1035 219 1097 Patres,
229 1043 259 1085 nt
276 1038 361 1100 palam
380 1038 537 1099 incusarent,
557 1046 586 1086 ut
602 1052 644 1086 co·
682 1037 791 1099 epistola
801 1038 937 1103 obsignata
947 1055 993 1089 suo
1004 1040 1107 1088 anurnio.
1132 1039 1212 1089 Cede

114 1126 168 1161 ram
180 1112 219 1161 sic
230 1126 381 1176 coarguere,
392 1122 420 1164 et
431 1115 583 1179 convincere
600 1114 645 1161 im·
682 1112 802 1163 coniectu
813 1116 919 1166 venitin
930 1118 1020 1165 urbem
1033 1116 1157 1177 tribunus,
1167 1131 1212 1165 seu

113 1188 268 1251 pavitantes,
280 1191 385 1240 vellent.
410 1191 440 1239 lu
452 1190 583 1239 ministros
591 1197 646 1238 tan·
683 1192 799 1240 centurio
821 1191 892 1256 (num
913 1192 1061 1255 discrepant
1081 1189 1213 1255 auctores)

114 1269 170 1312 tum
182 1264 348 1328 inquirebant
364 1266 408 1331 qui
424 1279 517 1328 nempe
529 1265 646 1314 mandas·
683 1265 814 1332 refertque
830 1269 943 1326 Tiberio,
955 1284 1002 1333 pro
1022 1269 1213 1333 moremilitlae,

114 1348 173 1389 sent
190 1339 291 1389 cadem
310 1341 466 1403 Germanici,
487 1347 533 1390 sut
552 1354 646 1404 perpe·
684 1342 781 1393 iactum
792 1346 924 1410 essequod
936 1346 1097 1409 imperasset.

115 1422 245 1476 mil
262 1417 311 1466 ¹¹⁰⁰
323 1424 424 1466 stillum
435 1417 535 1466 difecit
551 1430 647 1482 quere·
716 1421 768 1471 Sed
787 1423 919 1487 perculsus
933 1422 1064 1485 liberius,
1081 1423 1141 1487 quia
1153 1437 1215 1472 non·

115 1492 189 1555 baut,
207 1493 323 1543 dominos
341 1494 463 1557 intactos,
481 1502 510 1543 et
528 1493 647 1543 innoxios
684 1496 747 1545 dnm
763 1498 825 1546 satis
844 1506 930 1548 certus
947 1498 1058 1564 imperii,
1074 1498 1214 1561 respondet

115 1570 264 1633 capientes,
285 1578 330 1620 aut
350 1572 441 1620 saltem
465 1577 648 1634 presentantes,
685 1573 888 1637 senonjuasissc
901 1575 999 1625 cedem
1012 1575 1141 1636 Postumi,
1157 1574 1215 1624 red·

115 1642 185 1695 {urta
196 1646 367 1710 quasiinvitis
376 1648 425 1696 illis
433 1653 460 1696 at
468 1647 553 1696 insciis
561 1647 647 1697 cardos
684 1646 851 1714 «litorumque
863 1650 987 1700 rationem
994 1650 1095 1700 senatui
1103 1650 1215 1700 centuri·

117 1728 221 1785 patrata
233 1730 311 1773 esset.
685 1736 771 1772 onem.
804 1724 866 1776 Quo
877 1739 1000 1788 responso
1009 1733 1037 1775 et
1051 1725 1214 1775 simulatione

149 1798 194 1848 Sic
206 1798 251 1848 lil).
264 1813 288 1849 v.
298 1804 323 1848 4.
342 1800 387 1850 ubi
405 1801 438 1851 de
455 1801 535 1851 exitio
553 1799 648 1865 Agrip·
685 1797 786 1847 Tiberii
802 1800 942 1848 exterritus
955 1801 1094 1849 Sallustius
1107 1801 1162 1849 adit
1174 1801 1216 1850 Li-

117 1874 226 1938 plnaset
237 1875 349 1925 Neronis
366 1876 492 1940 agebatur
503 1877 530 1925 in
547 1884 648 1927 senatu.
687 1874 763 1937 vlam,
784 1881 925 1938 monetque
949 1884 1068 1926 constare
1090 1878 1216 1927 rationem

117 1954 125 1979 ⁸
140 1951 256 2016 Populus
276 1950 374 2016 effigies
393 1952 542 2018 Agrippinae
553 1968 584 2003 ac
595 1954 648 2004 Ne·
685 1951 797 2014 imperii,
813 1952 851 2001 ‘si
868 1954 913 2002 uni
932 1952 1071 2015 reddatur‚’
1081 1968 1132 2003 nou
1144 1968 1217 2003 seua·

116 2028 187 2076 rouis
198 2041 299 2090 gerens,
307 2028 472 2079 circumsistit
482 2029 590 2093 curiam,
598 2028 648 2079 t'es·
686 2027 733 2077 tui.
759 2028 1218 2092 tinebatsallnsnus,nereossnb·

118 2104 203 2168 timue
215 2104 379 2155 incaesarem
388 2094 523 2168 ominibus,
532 2105 609 2156 ialsas
619 2107 648 2156 li·
686 2101 792 2152 dentur
806 2106 885 2168 justa
903 2105 1057 2170 periculoso,
1074 2106 1128 2161 sive
1147 2120 1218 2172 vera,

119 2187 199 2244 teras,
211 2186 241 2230 et
257 2183 376 2246 principe
388 2184 467 2233 iurilo
484 2184 591 2234 exitium
603 2183 648 2234 do·
685 2178 739 2228 live
751 2177 813 2229 fiet·
824 2188 964 2244 promeret·

119 2258 171 2307 mal
182 2258 241 2322 ejus
251 2259 360 2320 intendi,
369 2261 503 2311 clamitat?
718 2255 746 2304 Si
759 2270 800 2304 res
811 2257 867 2307 linc
884 2259 982 2322 agitata
997 2259 1023 2310 iu
1040 2265 1220 2329 seminasset,

151 2333 272 2384 Uestales
287 2336 418 2385 innoxium
433 2338 576 2402 principem
587 2336 650 2387 fact.
688 2336 718 2380 ut
736 2332 872 2383 simulabat
891 2333 1019 2397 libarius,
1039 2336 1095 2400 quis
1113 2351 1145 2385 eo
1156 2351 1217 2388 casu

120 2415 177 2471 nat,
187 2416 216 2460 et
225 2411 499 2463 tacitetotnmcrlmen
510 2408 652 2465 refundunt
688 2407 773 2471 potuit
784 2408 856 2472 argui
872 2407 1004 2474 iocinoris,
1019 2417 1065 2460 aut
1083 2410 1219 2461 convinci?

120 2485 146 2535 in
157 2498 236 2536 unum
247 2487 379 2551 sejanum,
390 2490 434 2555 qui
443 2491 525 2541 invito
533 2492 652 2556 principe
689 2484 745 2547 ipse
756 2484 885 2550 tribunus,
898 2501 944 2536 scu
963 2486 1079 2536 centurio
1087 2503 1101 2555 3·
1120 2494 1149 2535 et
1160 2487 1217 2549 ipse

121 2564 230 2615 exitium
239 2565 329 2617 domus
340 2569 419 2632 ipsios
431 2568 593 2629 moliebatur,
602 2570 653 2616 dcc.
689 2560 835 2622 Sflllffiflssls
854 2562 898 2625 qul
915 2561 1057 2624 ”infimis
1074 2568 1101 2611 et
1122 2569 1220 2625 imiter

121 2639 158 2688 ila
169 2647 197 2690 et
208 2641 234 2689 lu
245 2656 274 2692 re
284 2642 441 2707 Germanici,
455 2650 539 2694 totum
555 2642 653 2692 crimen
690 2637 735 2685 bns
751 2650 842 2697 nemol
866 2651 916 2686 ¹¹⁰³
933 2636 1121 2704 iffllssfimtffis
1132 2646 1161 2689 ¹¹¹
1176 2640 1220 2705 qul

121 2714 298 2767 refundebant
319 2719 412 2769 Patres
433 2721 459 2769 in
475 2719 608 2782 Pisonem,
626 2726 655 2770 at
691 2727 745 2762 rem
755 2712 922 2764 mandassent
932 2714 1061 2779 Sallustio,
1071 2716 1152 2766 verbo
1165 2723 1220 2767 tau·

122 2793 246 2857 quosdam
257 2795 331 2859 allos,
341 2795 385 2859 qni
394 2795 566 2845 mandassent.
691 2797 746 2840 tum
757 2806 764 2848 3
781 2797 810 2839 et
818 2791 1038 2857 quamvisscripto
1046 2793 1222 2859 mandassent,

154 2870 192 2919 Ut
203 2871 294 2920 melin
305 2878 362 2921 tola
378 2886 420 2922 res
431 2872 603 2937 intelligatur,
613 2886 654 2923 re-
691 2866 810 2932 prolerre
822 2866 885 2917 illud
905 2882 980 2917 ausus
997 2883 1048 2918 uon
1065 2868 1143 2933 foret,
1161 2886 1220 2921 nam

122 2944 265 3008 nuendum
275 2948 351 3010 'qnod
362 2962 441 3011 supra
452 2948 567 2997 narravit
577 2947 654 2999 Tuci·
691 2957 739 3007 par
747 2943 865 3005 exitium,
871 2945 892 2991 ai
903 2942 1043 3007 proferret,
1051 2945 1127 2993 immo
1136 2946 1221 3010 majus

122 3028 163 3071 tus
180 3022 214 3072 de
235 3023 307 3072 cede
326 3023 452 3089 Agrippae
468 3024 593 3088 Postumi,
610 3024 655 3089 qul
692 3020 808 3082 exitium,
828 3020 975 3086 certiusque
997 3026 1023 3070 et
1042 3021 1167 3085 promtius
1187 3023 1223 3072 ln.

123 3095 210 3147 Casae
222 3103 250 3148 et
259 3098 461 3163 liliusAugusti:
479 3100 512 3152 ol»
522 3100 654 3164 ingenium
691 3096 786 3145 stabat.

123 3172 177 3237 ejus
193 3174 325 3237 stolidum,
341 3174 556 3242 femcitatemque
567 3185 655 3242 postu-
723 3176 767 3226 Sic
785 3181 813 3225 et
833 3189 861 3224 se
878 3189 918 3225 res
936 3175 1027 3225 habuit
1044 3176 1221 3238 incasurus

123 3250 223 3301 laverat
239 3250 373 3316 Augustus
384 3266 400 3301 a
410 3252 544 3315 Patribus,
554 3259 585 3302 ut
601 3254 654 3302 exl-
692 3264 758 3300 ucce
768 3250 925 3302 Germanici.
957 3251 1025 3300 Nam
1036 3258 1063 3300 et
1071 3251 1092 3301 sl
1104 3258 1223 3315 peteren-

123 3326 186 3375 llum
205 3327 263 3392 ejus
282 3327 512 3380 Senatuscousulto
531 3330 655 3380 decerne.
693 3331 736 3375 tnr
746 3327 865 3397 epistolae
881 3327 913 3376 ab
925 3326 998 3375 iratis
1013 3325 1144 3390 Patribus,
1154 3341 1249 3380 man·-

124 3410 213 3465 ποιοῖς
229 3403 298 3467 quod
319 3402 428 3466 iactum,
446 3412 475 3455 et
494 3406 578 3456 insula
594 3406 656 3456 Pla·
693 3402 807 3468 dataque
825 3403 851 3451 iu
868 3401 1060 3466 Germanicum,
1077 3409 1104 3452 et
1122 3403 1144 3453 si
1164 3418 1224 3469 pro·

124 3479 198 3528 nasia
208 3479 320 3530 inclusus
334 3488 383 3543 est,
402 3482 589 3547 appositusque
599 3497 656 3532 cos·
693 3476 860 3528 ferrenturlu
871 3484 970 3537 senatu,
988 3479 1045 3544 qnia
1061 3480 1179 3530 convinci
1190 3478 1227 3530 fa-

126 3554 205 3605 mula
227 3555 294 3606 illius
314 3556 445 3622 tubunas,
469 3573 515 3608 seu
536 3557 656 3608 centurio
694 3554 789 3603 elnoris
811 3552 914 3617 potuit?
947 3554 1016 3604 solus
1036 3555 1109 3616 Plso¹
1129 3562 1158 3604 et
1180 3554 1225 3620 qul

125 3631 332 3683 commilitibus.
694 3627 870 3692 mandassent,
883 3637 928 3680 ant
944 3630 1039 3681 talibus
1054 3631 1226 3695 consiliispa·

157 3707 197 3758 At
214 3722 274 3758 cum
293 3709 400 3760 oblinet
419 3710 551 3777 Augustus
571 3709 662 3775 Nola,
695 3706 745 3755 lam
765 3705 875 3756 immixti
886 3713 987 3756 esseut:
1017 3704 1226 3770 nouimperitau·

126 3785 248 3837 etmulta
264 3785 450 3849 expedirentur
461 3787 494 3837 ad
505 3786 656 3838 firmandum
695 3785 745 3844 tes,
756 3781 801 3846 qul
820 3780 883 3831 talla
897 3779 983 3830 verbis
1001 3786 1103 3830 tautum
1121 3780 1228 3831 deman·

128 3861 301 3926 principatum
318 3856 426 3925 tibiali,
446 3863 514 3914 iuter
529 3864 581 3914 sits
598 3863 659 3913 faci.
696 3855 1225 3922 dabaut‘lrocegissesecretosPlauciuae

127 3952 193 3988 nora
211 3937 273 3987 nori
306 3938 475 4002 principatus,
499 3939 658 4004 jugulandus
696 3949 756 3984 cum
767 3932 885 3997 August·
903 3931 1223 3995 aermonea,’autcodicil·

128 4018 217 4070 ,ntia
227 4016 279 4067 fult
297 4018 439 4068 Postumus
457 4017 570 4083 Augusti
582 4017 660 4081 nitas,
695 4012 727 4060 lia
737 4010 776 4059 lta
788 4008 942 4071 sacceusut
952 4006 1039 4072 detegi
1049 4021 1099 4057 uon
1110 4016 1224 4074 possent.
1255 4076 1258 4081 Ι

128 4106 276 4144 neacauam
294 4092 422 4143 turbaret.
455 4093 659 4161 Itaquecadem
729 4086 768 4137 At
786 4084 877 4135 habult
901 4098 965 4133 rara
982 4083 1105 4134 mandata
1129 4084 1229 4138 'liberii

128 4171 252 4221 namt
268 4169 361 4234 Crispo
376 4169 508 4238 Sallustio,
517 4171 563 4241 qul
578 4184 660 4238 nepos
696 4163 770 4227 ΗΜ»
788 4176 847 4227 qua
860 4158 978 4226 P¹⁰s⁶¹i0
989 4160 1017 4212 5¹¹
1033 4161 1118 4213 ⁸⁰i¹¹¹⁰
1128 4163 1227 4217 bibuli·

127 4249 346 4303 momsailustil
356 4249 499 4316 scriptoris,
696 4239 801 4299 Praeter
812 4237 966 4308 qmuqsoo
974 4238 1031 4291 hac
1041 4239 1115 4299 valde
1126 4240 1229 4301 lncarta
