2967 4867
584 421 791 470 PRAEFA'l'li).
1183 408 1225 474 ll

131 563 215 628 lutor
235 561 314 627 lucc
335 564 511 647 supientiae
537 564 686 641 emilia,
710 570 749 627 et
757 563 944 628 incredibili
958 567 1076 630 mentis
1091 567 1227 651 captiui·

128 673 201 741 tate,
217 666 433 730 cautissimas
447 664 572 728 'liberii
595 672 683 728 nites
699 666 884 742 extricavit,
900 664 1032 730 Claudii
1055 668 1227 734 imbecilli·

117 761 225 832 ‘tatem
253 767 443 852 pudendam
468 767 557 842 fecit,
575 767 719 832 Neronis
742 766 899 831 libidines
918 768 1110 848 infamavit3
1146 789 1226 835 sane

125 868 286 933 adversus
302 867 378 933 Caii
392 868 520 933 furores
537 887 635 951 teque
648 869 829 933 animosus.
873 867 931 946 At,
946 874 982 933 ut
1001 870 1036 932 in
1051 869 1224 949 Historiis,

118 971 174 1034 ite
198 977 234 1036 et
262 973 299 1035 in
328 968 525 1046 Annalibus,
552 970 660 1035 multa
696 971 860 1035 absumsit
897 989 1004 1035 vorax
1042 977 1224 1055 temporum

128 1071 285 1139 edomas
1001 1117 1005 1124 ·

167 1174 220 1239 Ea
249 1194 326 1240 cum
355 1179 576 1258 componeret,
605 1171 749 1255 Augusti
771 1173 918 1240 Annales
939 1176 1114 1242 meditatus
1142 1180 1227 1242 esta·

127 1276 336 1358 megniiicum
351 1275 548 1358 dignumque
560 1273 682 1339 Tacito
690 1283 938 1357 argumentum
961 1279 1018 1361 qui
1029 1279 1222 1363 reipublicae

127 1375 233 1456 hem,
246 1379 354 1442 ortum
371 1378 641 1459 impediremus
659 1398 780 1456 mores,
795 1385 958 1444 tantm]
973 1399 1077 1445 rerum
1091 1400 1223 1460 causas,

126 1477 312 1561 Augustum
326 1480 370 1542 iis
396 1477 532 1562 quidem
551 1478 724 1543 movendis
742 1481 912 1565 imparem,
928 1480 987 1546 sed
1001 1483 1101 1547 semel
1117 1489 1223 1547 motas

127 1582 317 1646 sustinendo
342 1581 499 1657 habilem,
526 1581 735 1665 plurimaque
763 1590 830 1648 arte
859 1586 1031 1669 publicum
1054 1587 1224 1651 servitium

125 1682 286 1749 libertatis
301 1684 418 1767 specie
431 1682 631 1762 molientem,
644 1688 874 1769 expressisset

164 1784 253 1851 Post
276 1793 326 1851 tot
344 1787 487 1862 labores,
515 1787 684 1852 tradendis
706 1790 884 1876 superioris
905 1791 971 1856 tevi
986 1791 1086 1856 rebus
1097 1791 1224 1876 impen.
1328 1815 1336 1824 ·

125 1907 190 1966 uos,
213 1895 348 1954 aetutem
372 1906 467 1953 suem
489 1895 559 1955 erut
582 1893 792 1974 repetiturus,
818 1898 857 1958 ut
877 1913 969 1959 nova
988 1899 1022 1957 et
1046 1895 1224 1976 praeseutia

126 1990 210 2056 bona
222 1991 401 2057 aeternitati
418 1997 640 2071 consecraret,
655 2012 709 2071 ac,
723 2014 788 2077 pro
806 1996 894 2060 virili
908 1997 1069 2079 portione,
1083 2013 1223 2078 sequen·

125 2093 203 2157 tium
217 2094 414 2178 Principum
438 2095 592 2162 emulatn
615 2097 832 2162 continuaret.
877 2097 994 2162 Nerva
1006 2097 1092 2161 euim
1107 2096 1224 2162 emsa

124 2214 176 2259 res
192 2197 275 2261 olim
289 2195 520 2261 dissociabiles
534 2197 721 2278 miscuerat,
735 2200 959 2284 principatum
975 2218 1016 2265 ac
1029 2199 1222 2265 libertatem.

126 2294 299 2364 Publicam
313 2297 507 2361 felicitatem
521 2299 556 2361 in
569 2298 642 2363 dies
650 2301 800 2383 'augebat
813 2299 978 2385 Trajanus
988 2299 1013 2382 ;b
1041 2298 1221 2383 additaque

125 2400 335 2465 emoriemur
349 2398 467 2480 gloria,
482 2399 531 2463 ita
543 2399 675 2483 imperii
694 2399 777 2465 lines
790 2401 986 2485 proferebat,
1001 2409 1038 2468 ut
1050 2419 1219 2486 nunquam

124 2500 220 2567 htiue
249 2501 297 2565 sit
319 2501 553 2586 imperitatum.
597 2502 807 2569 Uberrimam
826 2504 912 2586 hanc
931 2510 966 2569 et
979 2505 1223 2570 securisumus

125 2591 299 2671 materiam
314 2604 474 2668 semctuti
488 2623 561 2671 enee
577 2611 772 2690 seposuerat
783 2605 950 2672 'facitne‘
997 2607 1135 2691 Egregia
1146 2625 1223 2671 cou-

120 2707 199 2771 m'lia
210 2725 304 2771 mors
328 2706 516 2788 imperuim
537 2708 681 2791 abrupit
725 2706 817 2790 Ipse,
835 2707 914 2772 dum
928 2707 1091 2792 'IiaJ'anus
1107 2706 1222 2780 Orien·

125 2814 185 2873 tem
197 2810 298 2874 noris
312 2808 461 2872 victoriis
475 2807 644 2888 lustrabet,
658 2807 840 2896 (nusquam
861 2810 949 2875 enim
963 2807 1130 2877 Hadriani
1143 2814 1223 2873 tem·

124 2930 201 2994 pora
213 2914 389 2990 morat)
409 2910 545 2975 vivendi
555 2910 653 2974 linem
665 2911 757 2988 iecit,
773 2930 989 2995 praepropero
1003 2911 1074 2976 fato
1086 2928 1222 2994 oppres·

123 3032 188 3080 eus.
209 3051 214 3060 ·
234 3012 284 3078 At
306 3013 342 3077 iu
366 3010 460 3078 brevi
486 3012 683 3078 mortalitate
709 3011 868 3096 longioris
894 3013 973 3079 vite
1000 3012 1222 3079 celebritatem

123 3115 336 3200 iinplev‘erut:
370 3115 457 3182 ciuis
476 3115 630 3199 optimus,
645 3113 761 3186 lliteris
786 3117 820 3178 et
843 3114 1007 3198 sapientia
1027 3115 1136 3181 aetetis
1149 3134 1221 3207 snm

118 3219 299 3302 princeps3
330 3216 470 3282 eandem
488 3216 624 3295 tamam,
647 3235 761 3300 parem
786 3217 1015 3282 auctoritatem
1036 3215 1127 3300 apud
1142 3234 1222 3298 pos-

123 3326 290 3385 terostam
313 3319 372 3385 diu
393 3324 589 3397 retenturus,
604 3337 706 3403 quam
728 3317 787 3383 diu
808 3318 997 3402 inscriptis
1020 3337 1086 3383 non
1112 3318 1223 3383 otiosa

123 3424 297 3489 uerborum
309 3422 498 3506 prolixitas,
513 3422 574 3487 sed
585 3420 697 3488 valida
718 3440 825 3485 rerum
838 3420 1135 3504 smtentiarumque
1149 3420 1222 3485 bre-

125 3525 208 3591 vitas
231 3526 398 3610 placebit3
429 3543 531 3609 quam
552 3524 611 3588 diu
634 3526 670 3588 in
691 3544 727 3588 re
752 3523 892 3609 politica
915 3541 1023 3588 mores
1043 3522 1221 3601 hominum,
1282 3519 1287 3528 '

123 3644 230 3692 retum
255 3632 435 3705 momenta,
457 3626 620 3691 libertatis
639 3629 672 3690 et
694 3625 927 3692 dominationis
955 3627 1221 3710 tempmameutu‚

123 3730 214 3794 varis
236 3733 270 3792 et
291 3727 506 3794 saluberrima
526 3746 588 3812 pro
610 3731 796 3812 temporum
810 3732 1052 3811 eventuumque
1063 3725 1222 3791 uertente

124 3829 242 3916 mendi
253 3830 406 3910 consilia,
420 3848 555 3896 noscere
568 3830 632 3896 erit
644 3830 796 3914 pretium.

625 4027 731 4099 noim

26 4163 27 4224 ἶ
147 4195 166 4241 ,²
175 4183 266 4237 'rude
276 4183 370 4239 Amul.
380 4198 425 4236 ιιι.
435 4190 476 4240 at.
725 4183 827 4236 ‘Tacit
848 4180 919 4234 Hist.
931 4194 953 4234 ι.
964 4185 988 4234 1.
999 4193 1145 4248 supremum
1157 4178 1225 4258 illud*

153 4261 471 4329 *mettenses
692 4261 829 4315 censuim
838 4263 973 4312 nemum.
