2967 4867
412 635 473 729 c.
512 567 885 726 coutuntur
921 634 1176 730 rucrrr

777 900 826 950 AB

469 1103 716 1183 EXCESSU
741 1105 862 1183 DIVI
888 1109 1132 1186 AUGUSTI

379 1340 1239 1484 ANNALIUM

577 1659 744 1737 LIBER
785 1662 1033 1745 TERTIUS·

675 1918 948 1934 *ἡ*

675 1941 950 1960 m

566 2145 882 2215 BREVIARIUM
905 2149 1051 2215 LIBRI.

303 2292 393 2359 (lar.
406 2293 440 2357 l.
466 2290 665 2375 Agrippina,
680 2313 757 2357 cum
778 2314 860 2359 uma
873 2294 978 2373 ferali,
996 2312 1117 2375 magno
1131 2292 1270 2376 planctu
1283 2314 1361 2378 pas·

261 2396 326 2461 sim
349 2394 526 2475 excipitur.
570 2394 603 2456 2.
628 2393 792 2457 Funerum
812 2395 973 2460 solennia.
1018 2394 1185 2459 Primores
1198 2393 1364 2463 urbisob-

259 2496 320 2563 vli.
363 2494 397 2560 3.
428 2493 595 2572 Tiberius,
621 2492 788 2574 Augusta,
802 2501 837 2560 et
860 2494 1005 2560 Antonia
1030 2496 1166 2579 publico
1189 2498 1362 2563 abstinent.

260 2601 295 2665 4.
318 2596 447 2662 Moeror
460 2594 626 2680 publicus.
655 2597 687 2660 5.
701 2596 869 2676 Tiberius,
884 2617 1006 2682 parcus
1021 2597 1115 2663 visus
1128 2599 1162 2661 in
1173 2598 1368 2666 honorando·

260 2700 386 2776 funere,
437 2698 470 2761 6.
493 2705 633 2763 excusat
657 2717 694 2762 se
722 2704 756 2762 et
784 2700 946 2783 populum
974 2701 1082 2782 erigit.
1126 2701 1159 2764 7.
1190 2698 1365 2765 Iustitiam

263 2801 435 2866 omissum.
481 2801 610 2866 Drusus
625 2802 668 2865 ad
683 2800 838 2885 Illyricos
857 2803 1023 2868 exercitus
1038 2802 1129 2882 abit3
1171 2801 1203 2866 8.
1226 2802 1308 2867 Piso
1324 2803 1366 2869 ad

261 2903 422 2982 Drusum,
463 2903 497 2968 9.
519 2902 595 2967 inde
608 2901 752 2967 Romam
768 2905 869 2968 alacri
882 2907 1004 2970 animo.
1048 2905 1101 2968 10.
1125 2901 1210 2967 Mox
1225 2922 1366 2970 accusa·

261 3013 325 3073 tur.
370 3005 531 3089 Princeps
555 3024 691 3070 causam
713 3003 757 3068 ad
778 3005 935 3070 Senatum
961 3007 1107 3071 remittit.
1151 3005 1205 3069 11.
1228 3006 1368 3071 Patroni

262 3128 321 3174 rec
335 3108 481 3191 quaesiti.
526 3107 578 3198 12
600 3106 725 3171 Tiberii
739 3108 843 3171 oratio
866 3108 909 3171 ad
931 3108 1059 3174 Patres.
1103 3106 1157 3173 13.
1180 3104 1367 3174 Accusato-
1432 3119 1436 3128 '

262 3230 338 3278 rum
354 3201 616 3276 criminationem
670 3210 725 3274 14.
748 3228 825 3272 reus
840 3210 927 3275 male
942 3209 1049 3276 diluit.
1094 3208 1136 3273 In
1150 3229 1225 3272 eum
1235 3209 1368 3293 judices

263 3309 487 3395 uatdpr0n13
520 3312 664 3396 populus
679 3312 930 3378 offensissimus
975 3313 1030 3377 15.
1053 3311 1214 3376 Plancina
1227 3329 1369 3376 causam

264 3431 359 3477 suam
372 3412 540 3478 dissociat.
577 3414 712 3478 Pisonis
726 3433 827 3493 mom,
871 3414 925 3479 16.
948 3414 1088 3478 dubium
1102 3434 1143 3478 an
1152 3413 1261 3498 jussu,
1278 3418 1312 3476 et
1325 3412 1368 3477 ad

264 3511 436 3579 'liberium
459 3515 615 3580 codicilli.
670 3517 722 3581 17.
745 3516 829 3581 Piso
853 3516 939 3581 filius
969 3517 1161 3580 absolvitur.
1205 3514 1370 3579 Plancina

264 3613 427 3699 Augustae
463 3616 617 3700 precibus
653 3618 867 3684 condonatur.
923 3619 1111 3683 Sententias
1147 3617 1183 3680 iu
1210 3614 1371 3680 Pisonem

264 3719 320 3784 18.
344 3718 506 3804 Princeps
527 3719 668 3800 mitigat.
720 3717 881 3786 Adulatio
903 3719 1102 3814 imprudens.
1147 3717 1202 3782 19.
1236 3716 1370 3781 Drusus

265 3825 356 3888 ovat.
400 3819 568 3902 Vipsania
584 3821 730 3884 moritur.
775 3822 829 3886 20.
850 3821 1046 3886 Tacfarinas
1067 3820 1190 3884 bellum
1204 3819 1238 3883 in
1251 3815 1371 3881 Africa
1474 3821 1475 3826 ’

264 3928 412 3989 renovat.
440 3923 495 3986 21.
509 3921 551 3986 Id
566 3920 705 4006 Apronii
718 3924 895 3987 severitate
909 3922 1119 4005 opprimitur.
1147 3919 1203 3985 22.
1225 3917 1367 4002 Lepida,

267 4024 432 4109 suppositi
445 4029 572 4109 partus,
592 4023 755 4102 adulterii,
769 4022 921 4089 veneficii
944 4027 1114 4099 accusata,
1156 4020 1211 4084 23.
1232 4019 1369 4085 Tiberio

266 4125 427 4212 perplexe
441 4130 568 4207 agano,
592 4124 778 4190 damnatur.
821 4125 875 4188 24.
899 4125 1031 4190 suanus
1051 4123 1145 4187 exuu
1159 4123 1294 4187 veniam
1308 4123 1369 4186 im-
1474 4137 1475 4152 ι

266 4231 387 4312 patrat.
417 4225 471 4290 25.
495 4226 568 4290 Iex
581 4225 693 4309 Papia
705 4226 870 4311 Poppaea.
902 4225 1087 4290 Delatores.
1119 4223 1173 4289 26.
1195 4222 1370 4293 Erremus
