2967 4867
143 368 286 433 J.c.rs.]
492 363 699 416 tunsuruu
723 368 798 417 urs.
821 370 879 420 ιιι.
1184 358 1252 426 623

143 530 213 577 non
237 508 339 575 modo
362 508 523 593 primores
547 510 722 588 civitatie,⁸
742 512 864 595 quibus
888 514 1050 582 claritudo
1073 538 1136 583 sua
1155 520 1250 584 obse·

144 613 236 697 quiia
259 631 319 694 pro
333 610 462 692 egendo
484 618 566 688 erat,
591 612 650 676 sed
665 632 779 676 omnes
796 613 1006 694 Consulares,
1027 638 1147 701 magna
1170 640 1250 702 pars

143 732 272 789 eorum,
296 714 353 794 qui
378 711 530 775 Praetura
553 712 669 789 iuncti,
694 714 854 797 multique
876 716 974 779 etiam
998 719 1122 800 pedarii
1148 721 1250 785 Sena·

143 812 248 879 toresb
275 814 422 876 certatim
446 818 666 894 exsurgerent,
697 812 854 898 foedaque
883 823 917 880 et
941 819 1045 882 nimia
1073 828 1248 887 censerent.

143 914 319 979 Memoriae
344 912 506 997 proditur,
531 912 713 989 Tiberium,
737 915 890 998 quotiens
920 919 1011 981 curia
1033 920 1249 1000 egrederetur,

143 1014 279 1081 Grecis
292 1014 401 1078 verbis
425 1015 459 1076 in
473 1013 559 1077 bunc
583 1014 716 1078 modum
737 1015 847 1099 eloqui
863 1018 1007 1096 solitum,
1031 1020 1250 1091 ‘Obomiuea

144 1116 190 1181 ad
204 1117 396 1180 servitutem
408 1119 545 1199 paratos
555 1114 574 1181 l’
601 1116 744 1193 seilicet,
760 1119 860 1182 etiarn
873 1119 976 1197 illum,
992 1123 1051 1204 qni
1065 1122 1250 1187 libertatern

142 1218 317 1303 publicum
342 1215 453 1296 nollet,
476 1222 545 1281 torn
570 1218 743 1302 projectaee
766 1221 977 1289 servientium
997 1224 1164 1307 patientiae
1189 1229 1249 1288 tae·

145 1318 258 1384 debat.

141 1528 251 1580 proems
270 1514 350 1575 Urbis,
365 1514 449 1579 quibas
458 1514 569 1593 nobilitas
582 1531 626 1566 aaa
636 1517 679 1566 viti
690 1518 815 1594 'oboeqaelo
825 1521 913 1571 tuenda
923 1526 984 1583 nrt,
998 1524 1040 1571 ced
1056 1524 1135 1570 meti
1145 1523 1249 1572 msula-

130 1594 456 1705 {mutilem
462 1582 1250 1713 ffifflbm‘dss'fflfflffl

144 1708 328 1784 qaedam
334 1706 424 1784 ested,
437 1680 521 1757 bruco
531 1723 636 1758 senem
654 1710 680 1785 ip
695 1726 747 1759 eom
760 1715 900 1763 sententium
917 1685 994 1764 sicin
1003 1722 1136 1764 comum
1143 1732 1152 1773 ,·
1169 1714 1193 1764 0
1206 1716 1251 1764 lto-

144 1786 226 1821 ruures
236 1786 263 1819 ιιι
274 1779 406 1820 servitium
417 1786 511 1835 pronus
521 1774 526 1820 l
544 1787 626 1837 mutue
634 1778 707 1823 atam
717 1776 793 1839 illem,
805 1777 846 1841 qai
856 1777 989 1828 Ιίὸπιαέειιι
995 1780 1082 1828 ciuium
1089 1784 1250 1843 cunm

144 1842 196 1887 taut
205 1834 374 1899 sidasodiquc
383 1836 659 1900 obequmiumflogttii
667 1839 780 1902 pudebat

647 2002 754 2053 NOTAE

145 2110 226 2170 ditus,
252 2125 283 2160 sc
306 2116 361 2161 tum
381 2112 493 2161 Praetor.
528 2112 605 2164 Quod
627 2127 679 2163 nou
718 2117 1185 2183 rictoremsiguiticatbuclllios,cnm
1196 2119 1251 2169 ait:

140 2187 272 2252 jactantia
299 2185 396 2249 refero,
422 2187 468 2237 sed
488 2190 549 2252 quia
567 2190 679 2254 collegio
718 2192 816 2257 Agipes
838 2208 927 2244 rocem
949 2195 1054 2245 mittere
1077 2194 1167 2259 coepit,
1188 2195 1251 2260 qaia

145 2262 386 2314 Quindecimvlrum
398 2265 543 2329 antiquitus
553 2280 585 2315 cs
599 2266 679 2317 eura:
717 2269 757 2320 its
768 2271 923 2334 appellatur,
933 2271 976 2335 qui
988 2272 1080 2320 tacitus
1092 2270 1250 2320 transeundo

144 2337 250 2402 deus.
717 2347 751 2396 ad
773 2362 841 2409 erun,
867 2348 941 2411 cujas
964 2349 1120 2401 sententiata
1146 2347 1250 2411 probat,

177 2421 190 2448 ⁸
206 2415 328 2465 ΝΜ*
336 2413 453 2477 Μ]
468 2416 511 2466 ⁸¹⁰
522 2417 540 2467 ¹·
550 2431 571 2467 1·
582 2421 608 2467 7·
622 2416 679 2467 ‘At
719 2423 782 2488 quid
793 2424 900 2487 sentiat,
909 2422 1027 2473 indicat!
1072 2423 1140 2486 Hinc
1157 2424 1164 2450 ‘
1178 2421 1251 2485 pedi·

145 2492 236 2541 Romae
259 2504 334 2540 ruere
355 2490 381 2538 ἰιι
400 2492 535 2542 servitium
553 2495 679 2558 consules,
718 2499 813 2548 burire
824 2500 851 2548 in
862 2497 1036 2557 aententtam‚’
1052 2504 1080 2545 et
1097 2497 1250 2559 ‘portariam

144 2566 253 2627 Panes,
264 2566 361 2630 Equea,
372 2573 468 2630 quanto
479 2568 534 2632 quis
545 2569 679 2632 illustrior,
719 2575 884 2625 sentcntlam'
895 2575 1060 2625 observamus
1067 2573 1137 2637 apud
1144 2573 1250 2622 Latinos

145 2648 221 2698 tanto
231 2643 310 2706 mgis
319 2642 375 2692 falsi
387 2658 417 2693 ac
428 2643 599 2695 festinantes?
719 2651 870 2713 scriptores,

156 2712 163 2723 ⁵
178 2720 191 2754 ὓ
209 2721 307 2771 Pedurii
318 2721 457 2785 Senatores]
481 2724 581 2774 Pedarir'
591 2723 680 2774 dican·
755 2725 867 2776 Pedurior
877 2731 964 2775 autem
973 2728 1104 2774 senatores
1115 2723 1194 2775 fuisse
1205 2726 1252 2776 mi·

146 2801 191 2847 tur
202 2804 307 2847 auctore
322 2798 418 2860 Gellio,
437 2812 469 2846 ex
489 2799 680 2850 commentarils
718 2800 790 2851 noris
808 2800 972 2850 auctoritatis
990 2800 1094 2863 ceteris,
1113 2816 1146 2850 ex
1164 2802 1251 2865 dictis,

147 2874 178 2924 C.
189 2873 273 2934 Bassi,
285 2876 293 2901 ‘
304 2874 347 2938 qui
363 2872 475 2922 nondum
487 2875 627 2937 gessissent
636 2890 680 2925 cu·
720 2885 748 2926 et
759 2892 791 2927 ex
808 2877 904 2927 Tacito
913 2876 969 2941 ipso
981 2876 1029 2925 boc
1048 2876 1075 2926 in
1093 2876 1163 2938 loco,
1171 2875 1250 2927 facile

145 2950 228 3004 rotem
236 2951 424 3013 magistratum,
433 2950 501 3014 quod
513 2951 623 3015 pedibus
632 2951 680 3002 lta·
719 2958 840 3002 constare
852 2957 951 3015 potest.

146 3037 206 3078 rent
218 3029 245 3077 in
264 3028 378 3076 ruriam?
410 3026 461 3079 Alii
476 3036 561 3077 tamen
571 3028 681 3091 pedam
752 3028 827 3077 Clare
839 3041 899 3075 vero
910 3041 943 3076 ex
955 3026 1027 3076 bivio
1039 3025 1083 3074 lib.
1095 3038 1184 3077 nvn.
1204 3025 1250 3076 ubi

145 3107 266 3153 murres
275 3101 424 3155 existimant
442 3101 537 3163 dictos,
545 3104 590 3167 qui
606 3104 631 3152 in
641 3117 681 3153 se·
719 3103 752 3152 de
764 3102 836 3152 Livio
847 3109 923 3152 cntra
934 3114 966 3149 ex
978 3100 1112 3150 consulatu
1124 3117 1139 3149 a
1154 3101 1251 3164 populo

145 3188 211 3229 natu
230 3178 384 3230 seutentiam
404 3191 455 3227 uon
477 3177 610 3240 dicebant,
632 3179 678 3227 sed
719 3176 851 3238 damnato,
859 3176 1073 3226 etaceusoribus
1090 3177 1116 3224 in
1133 3183 1251 3227 senatum

147 3255 181 3305 ab
195 3253 355 3307 sllodicturu
373 3252 587 3319 comprobabant,
604 3253 680 3318 proti·
716 3254 842 3313 reducto:
876 3254 920 3318 qui
952 3253 1113 3316 ‘ignominie
1133 3260 1251 3318 acceptes

147 3334 284 3385 clacentcs.
630 3372 633 3379 .
719 3343 827 3390 memor,
843 3335 888 3377 aut
908 3328 986 3377 verbo
998 3329 1192 3389 uscudebatuu
1205 3335 1252 3379 aut

181 3408 357 3471 Cuiopiuioni
370 3407 570 3461 severeridetur
582 3407 680 3459 Cicad
720 3404 829 3471 pedibus
852 3404 878 3453 iu
900 3404 1054 3454 sententiam
1082 3404 1145 3468 ibat,
1166 3403 1251 3454 donec

147 3472 206 3535 Att.
226 3484 243 3532 Ι.
263 3497 283 3532 ι.
303 3498 345 3547 ep.
364 3486 404 3532 tt.
415 3490 443 3533 et
463 3488 503 3533 16.
520 3483 564 3534 ubi
580 3483 680 3549 inqiut:
722 3482 827 3545 cognati
837 3481 945 3531 bominis
956 3494 1032 3530 causa
1042 3481 1068 3529 in
1082 3489 1172 3531 senatu
1181 3488 1252 3530 stan·

146 3562 201 3612 ‘Et
212 3561 307 3625 raptim
319 3560 345 3609 in
358 3575 414 3608 earn
430 3560 584 3609 seutentiam
605 3562 682 3624 peda·
723 3565 775 3608 tem
794 3557 949 3606 senteutiam
969 3555 1057 3606 dicere
1068 3558 1171 3621 codglt!
1201 3558 1252 3606 Do·

148 3638 181 3687 rii
198 3636 402 3687 concurrerunt!
419 3697 421 3700 Ι
435 3637 470 3685 Et
481 3650 584 3685 rursus:
602 3635 683 3687 ‘curn
721 3640 801 3684 satus.

147 3713 302 3778 preclarum
314 3719 394 3774 caput
404 3713 569 3774 recitaretur,
580 3725 612 3759 ne
624 3711 680 3774 quis
752 3709 863 3772 Pedani]
890 3711 958 3762 Quia
978 3708 1088 3772 pedibus
1107 3708 1134 3756 in
1153 3709 1251 3760 curiam

148 3788 182 3839 ad
201 3802 248 3838 nos
266 3786 385 3850 referret,
408 3801 441 3836 na
463 3787 627 3849 decerneret,
648 3801 680 3835 ne
719 3784 801 3847 itant,
812 3785 978 3849 quianullum
990 3785 1105 3832 curulem
1118 3784 1253 3847 magistra·

149 3864 261 3930 pedibus
273 3863 341 3913 iret!
721 3868 776 3909 tum
795 3860 970 3921 obtinuerant,
990 3859 1030 3906 vel
1051 3858 1112 3921 quia
1131 3858 1180 3921 ipsi
1200 3874 1252 3911 non

118 3998 122 4007 ,
182 3938 256 3990 Idem
274 3948 301 3988 et
313 3940 431 3988 a'l'acito
446 3940 494 3989 boc
512 3939 570 3988 loco
588 3936 682 3988 confir·
722 3950 786 3985 voce
809 3937 960 3998 promebant
979 3935 1143 3993 sententiam,
1161 3935 1252 3988 sedin

149 4017 215 4068 utari
225 4015 339 4077 videtur,
349 4016 358 4043 a
370 4030 427 4063 com
439 4016 540 4079 pedarii
549 4022 682 4064 senatores
723 4013 831 4060 aliorum
850 4021 951 4074 patrum
968 4009 1122 4059 seutentiam
1141 4009 1251 4075 pedibus

149 4091 590 4157 certatim'exsurgercnt,t⁴oedsqac
608 4092 683 4141 etni-
723 4088 889 4137 accedebant.
1262 4134 1274 4154 Ι

149 4166 370 4225 misceuserent!
405 4186 409 4193 ·
756 4164 842 4213 elon
851 4162 1077 4228 projectoe],lpsurn
1090 4163 1252 4219 etiam'l'ibe·

183 4246 277 4297 Festus
286 4242 330 4296 lib.
341 4257 362 4293 1.
372 4241 466 4309 inquit,
480 4241 633 4310 ‘pedarium
643 4256 683 4294 ac·
723 4241 789 4293 rium
801 4242 908 4308 pigebat
919 4250 972 4293 tam
984 4242 1095 4306 abjectae
1106 4256 1195 4293 eorum
1206 4255 1252 4306 pa·
