2967 4867
248 373 294 441 dd
606 389 639 437 o.
661 383 842 440 connsnn
867 387 993 440 metm

250 535 358 602 Line
382 534 478 604 dolus
502 534 656 616 abstulit3
687 533 869 618 Drusoque
893 532 1024 617 pridem
1052 528 1228 608 extinctor
1256 530 1353 597 Nero

248 639 341 712 solus
365 658 385 701 o
408 635 569 720 privignis
583 641 668 701 eret:
690 634 772 699 illuc
794 641 915 699 cuncto
929 652 1076 716 vergere:
1099 631 1200 710 filius,
1223 633 1354 715 college

247 737 388 820 imperii,
400 756 536 802 consors
545 735 750 800 Tribunicise
765 737 940 818 potestatis
953 735 1145 811 assumitur,
1157 741 1351 815 omnesque⁸

246 858 308 923 per
334 839 498 904 exereitus
527 843 722 918 ostentatum
745 856 812 902 non
839 836 1004 911 obscuris,
1033 841 1070 902 ut
1098 841 1209 909 arnea,
1235 836 1352 902 matris

246 1023 368 1083 κρατῶ
384 1018 503 1068 liberius.-
517 1018 574 1068 ἕως
590 1019 668 1068 onmis
686 1014 1355 1082 tsndmrfflissuseisritsr,soeius1npsrii,psrtieeps

249 1084 392 1134 Tribunicio
406 1084 565 1145 auctoritatis,
584 1088 607 1131 et
681 1082 762 1131 omnis
777 1087 855 1131 nostro
874 1086 1032 1130 muter.-
1057 1096 1103 1130 nors
1120 1080 1216 1129 oenum
1234 1086 1261 1127 ut
1278 1083 1352 1128 oulen

246 1148 325 1199 Liuia
335 1148 453 1209 dolis,ud
462 1147 514 1210 ipsu
525 1148 579 1208 jorn
688 1146 810 1196 incitante.
844 1147 938 1209 Quippe
955 1148 1013 1195 odeo
1031 1146 1077 1194 sibi
1094 1144 1253 1193 obstrinxerat
1271 1157 1352 1192 senens

247 1364 401 1448 nmen—s
420 1363 505 1444 Omnis
513 1377 559 1436 pro
569 1376 654 1428 omnes,
665 1369 693 1413 et
704 1343 810 1427 passim,
818 1345 1022 1415 Gronovius-d
1039 1364 1082 1413 Sic
1093 1362 1190 1427 optime
1201 1361 1351 1412 emendavit

738 1476 849 1527 NOTAE

245 1572 406 1636 Scriptoreru
433 1571 562 1635 conferet,
589 1572 776 1638 rescribetqne‚
815 1572 885 1624 endi.
933 1572 1015 1621 Verbi
1041 1570 1135 1635 gratis,
1162 1570 1257 1621 ibidem
1283 1571 1350 1621 dioit

245 1648 328 1711 lucio.
346 1648 456 1711 Lipsius.
785 1639 788 1644 ¹
814 1649 940 1710 Velleius,
950 1649 1027 1699 morbo
1037 1650 1120 1713 periit,
1137 1655 1209 1697 certe
1219 1663 1269 1698 non
1281 1663 1350 1713 prae-

279 1724 372 1786 Gaium,
389 1727 531 1772 remeantem
549 1721 676 1786 Armenio]
715 1722 775 1771 Non
815 1723 867 1773 eise
880 1726 959 1789 periit
979 1740 1012 1774 ex
1031 1725 1121 1774 morbo
1141 1724 1228 1786 Cuius,
1247 1725 1292 1773 sed
1313 1739 1348 1774 ex

245 1800 401 1848 conveniunt
413 1798 549 1862 ductores,
561 1798 604 1848 nbi
615 1806 731 1848 mortuns
742 1798 776 1847 sit
816 1801 933 1862 vulnere,
950 1801 1018 1864 quod
1031 1808 1170 1864 occeperat
1187 1801 1213 1850 in
1225 1799 1350 1850 Amnis

245 1876 323 1928 Caius
334 1877 431 1938 Caesar,
444 1874 509 1924 tilius
520 1875 642 1940 Augusti.
674 1875 776 1932 Seneca
815 1876 940 1940 sperfido
958 1876 1068 1941 quodum
1086 1876 1200 1938 bomine,
1217 1877 1260 1941 qni
1279 1883 1349 1939 prn-

244 1961 321 2016 pnter
333 1961 359 2002 et
372 1951 455 2002 Rufus
464 1954 558 2002 Festus
568 1954 657 2001 volunt
667 1952 691 2000 in
701 1952 776 2016 Syris
816 1959 879 2001 erut'
893 1950 1038 2016 Artaxatis,
1053 1959 1167 2002 ettamen
1187 1967 1220 2001 en
1237 1954 1348 2004 vnlnere

244 2035 374 2079 mortuum
393 2042 449 2077 esse
461 2028 560 2090 Colum,
580 2036 608 2078 nt
627 2027 775 2090 Suetonius,
814 2027 931 2077 morbum
942 2035 1117 2087 contruxerat,
1130 2043 1179 2093 qno
1191 2029 1282 2092 periit:
1300 2031 1348 2081 sed

243 2105 368 2168 Velleius,
379 2111 406 2154 et
418 2105 531 2153 Zonaras
542 2104 673 2166 volunt‚in
685 2104 775 2167 Lycia,
815 2110 960 2152 assentatur
980 2102 1094 2151 Velleius
1112 2103 1224 2164 Tiberio,
1247 2105 1288 2153 cni
1309 2106 1347 2153 in·

243 2180 361 2245 periisse.
379 2181 444 2232 Quis
454 2187 555 2228 tuntum
565 2179 697 2228 dissidium
706 2193 775 2228 com·
814 2176 902 2228 i'ensns
925 2178 975 2228 fnit
995 2179 1080 2228 Caius.
1119 2178 1192 2227 Idem
1213 2180 1347 2232 dissidium

245 2259 340 2319 ponet?
374 2257 453 2306 Certe
473 2256 564 2304 missus
586 2253 673 2302 fuerat
694 2253 772 2302 Culus
815 2256 928 2317 reperies
940 2256 1008 2304 inter
1017 2254 1168 2304 Suetonium
1180 2255 1347 2306 et'i'ucimm:

242 2333 311 2382 filius
323 2331 434 2394 Augusti
445 2332 477 2380 ed
493 2329 699 2393 componendum
713 2328 774 2379 Ori·
814 2331 950 2379 Suetonius
960 2330 1026 2383 dicit
1036 2331 1168 2379 Vononem
1179 2332 1223 2394 qui
1236 2331 1358 2381 Parthos

242 2406 491 2471 ontem,prusertim
510 2413 539 2454 nt
559 2407 704 2467 imponeret
723 2405 773 2454 lle-
814 2418 868 2453 rum
883 2406 940 2453 lter
956 2404 1050 2466 iuerat,
1069 2405 1215 2454 Antioclriae
1232 2406 1348 2457 occisum

243 2479 301 2549 igem
324 2481 466 2531 Armeniis:
492 2495 540 2545 per
561 2482 662 2545 Syriam
685 2488 773 2530 entem
814 2489 884 2530 esse:
901 2482 1005 2530 Tacitus
1023 2490 1109 2530 antem
1125 2480 1347 2531 interfectumes·

242 2557 391 2621 intelligunt
401 2558 695 2621 Orientem‚qnio8yris
706 2567 773 2621 prae-
813 2572 841 2606 se
860 2557 893 2606 ab
904 2548 1011 2607 evocsto
1023 2558 1142 2623 qnodum,
1154 2558 1256 2607 nomine
1268 2558 1346 2607 Rem-

242 2635 318 2700 cipua
337 2641 364 2682 et
384 2634 538 2682 validissima
559 2647 618 2697 pars
639 2634 771 2690 Orientis:
811 2632 873 2686 mio,
882 2633 915 2680 nd
927 2634 1011 2696 ripam
1022 2633 1132 2683 fluminis
1140 2633 1209 2698 quod
1220 2633 1346 2697 trajicere

211 2747 216 2754 .
241 2717 270 2760 et
281 2709 348 2760 unde
359 2724 432 2771 opes,
443 2708 567 2772 legiones,
578 2723 700 2773 armaque
711 2709 772 2758 edm
812 2709 868 2757 Rex
880 2711 998 2773 perabat,
1014 2716 1043 2758 ut
1058 2710 1236 2774 captivitatem
1247 2708 1347 2774 effuge·

240 2785 367 2836 orbantur
390 2785 512 2833 aduersus
534 2799 708 2849 quoscumque
734 2801 772 2833 re·
813 2791 862 2835 ret.
895 2786 1165 2846 Certeidemdicnnt,
1183 2785 1204 2834 si
1222 2784 1288 2836 bene
1306 2787 1346 2835 in-

241 2861 323 2911 belles
333 2861 441 2923 hujusce
452 2860 522 2908 orbis
534 2860 674 2911 orientalis.
707 2861 772 2910 Mis·
811 2861 984 2924 telligentnr:
1013 2862 1194 2912 asservabatur
1220 2863 1345 2913 Vonones

240 2949 283 2986 sus
294 2935 373 3000 igitur
384 2942 439 2984 emt
458 2936 535 2985 Ceius
553 2935 579 2984 in
597 2936 707 2999 Syrium,
724 2951 769 2986 sen
810 2936 930 3000 insyria,
946 2943 975 2985 et
986 2936 1108 2986 custodes
1121 2937 1169 3002 ipsi
1181 2938 1304 3001 oppositi,
1315 2944 1345 2987 et

241 3012 390 3063 Orientem:
404 3011 440 3059 sic
451 3018 537 3074 potest
548 3012 600 3060 dici
609 3012 770 3062 vulneratum
809 3009 948 3061 Antiochia
956 3013 1018 3063 urbs
1028 3020 1108 3077 caput
1119 3013 1262 3076 Syrire‚ubi
1271 3030 1344 3079 saepe

240 3095 297 3137 esse
309 3087 335 3134 in
346 3085 428 3149 Syrio,
440 3094 467 3133 et
484 3086 590 3148 periisse
602 3086 628 3134 ln
645 3087 729 3148 Syrie,
742 3094 770 3136 et
809 3086 973 3136 versabatur:
992 3097 1019 3137 et
1040 3103 1098 3138 curn
1110 3089 1148 3138 ire
1168 3088 1202 3138 sd
1219 3097 1343 3139 venetum

240 3163 354 3214 contenti
382 3170 442 3210 sunt
469 3162 598 3210 Auctores
623 3162 769 3212 nominasse
808 3159 932 3224 finxisset,
943 3161 1013 3212 forte
1032 3177 1083 3212 uon
1101 3164 1193 3226 procul
1204 3163 1344 3216 Antiochia
1365 3209 1368 3214 ,

240 3240 398 3303 praecipnsm
410 3237 590 3295 Provincion13
608 3245 636 3287 et
652 3252 769 3301 quonam
810 3234 919 3300 inplens,
930 3240 1105 3302 deprehensns
1123 3247 1165 3288 est
1181 3246 1209 3288 et
1220 3239 1345 3292 interiec-

239 3323 300 3380 pnrs
312 3313 429 3364 Orientis
447 3314 534 3378 Lycia,
552 3327 584 3362 un
601 3311 769 3363 tentitititnt
810 3322 860 3362 tus.
902 3316 1067 3364 Conveniunt
1089 3312 1214 3364 ductores
1235 3318 1261 3366 in
1283 3318 1345 3367 sub·

238 3390 431 3441 celebraretur?
448 3389 534 3452 igitur
555 3388 670 3453 qirumris
690 3389 768 3438 Cuius
810 3389 907 3438 stantis
919 3391 955 3439 rei
968 3400 1059 3455 gestie,
1076 3390 1199 3441 differunt
1210 3394 1251 3441 sel
1263 3393 1343 3444 silent

239 3467 328 3516 Cursor
344 3465 450 3528 proprie
470 3465 561 3513 missus
581 3463 704 3513 fueritin
721 3465 770 3515 Ar·
809 3465 1059 3514 incircumstentiis:
1073 3466 1135 3531 quid
1143 3468 1248 3517 mirum?
1265 3469 1343 3519 Ceius

238 3542 356 3600 menium,
379 3548 408 3590 nt
427 3541 497 3589 iliam
517 3549 683 3603 componeret
700 3542 770 3591 inter
809 3540 888 3603 periit
900 3541 925 3588 in
946 3541 1066 3603 Oriente,
1086 3543 1113 3590 in
1131 3543 1215 3606 Syris,
1233 3544 1343 3594 baecest

238 3619 369 3668 Romanos
395 3617 558 3681 Parthosque
593 3616 768 3680 dissidentem,
809 3617 951 3666 substantia
974 3618 1023 3667 rei:
1048 3619 1148 3668 interiit
1169 3621 1291 3683 Limyrae,
1314 3622 1341 3671 in

238 3694 352 3760 quamvis
365 3693 769 3758 vuinuaaecepentmnrmenta,
809 3692 899 3755 Lycia,
910 3693 966 3743 baec
983 3700 1024 3742 est
1039 3694 1243 3756 circnmstantia,
1260 3711 1339 3761 quem

238 3770 352 3837 quumvis
363 3768 471 3833 perierit
481 3783 515 3817 erc
526 3770 631 3818 vulnere
640 3770 665 3818 in
678 3771 769 3834 Lycia,
808 3783 874 3818 unus
886 3778 1005 3820 accurate
1014 3772 1118 3834 scripsit
1129 3773 1253 3823 Velleius.

238 3848 366 3910 Limyren:
398 3853 482 3895 tomen
507 3845 593 3908 potuit
615 3846 692 3894 etiem
715 3846 768 3895 diei
840 3844 986 3910 *Duosque
994 3848 1085 3910 pridem
1097 3847 1214 3910 extincto]
1237 3849 1342 3914 Nempe

237 3937 298 3975 rere
310 3922 404 3985 periise
417 3922 441 3970 in
453 3921 537 3986 Syrie,
555 3929 584 3971 nt
601 3937 658 3986 quae
677 3922 711 3971 sit
722 3938 768 3986 po·
807 3929 970 3972 emesenus
989 3924 1095 3972 circiter
1115 3937 1165 3973 ιιι.
1190 3925 1340 3990 priusquam

237 3996 767 4060 tissimeetceleberrimupurs·0rientis,
808 3998 884 4047 Cuius
911 4007 1062 4048 moreretur.
1107 4000 1211 4063 Quippe
1238 4001 1343 4051 Drusus

237 4088 294 4122 cnm
307 4075 388 4138 Lycia
400 4075 509 4123 obscure
521 4081 549 4123 et
563 4074 651 4136 ignote
666 4074 709 4123 sit.
732 4076 767 4124 Et
807 4071 872 4123 obiit
883 4089 915 4123 ex
929 4077 1000 4138 lapsu
1012 4076 1071 4140 eqtti
1083 4077 1108 4124 in
1119 4074 1260 4126 Germanis
1271 4091 1341 4127 anno

237 4147 413 4212 distinguendi
424 4158 483 4199 sunt
496 4151 581 4214 potius
597 4161 624 4200 et
635 4151 768 4215 explicari·
809 4149 879 4199 urbis
901 4163 961 4199 ncc.
981 4163 1045 4199 xnv.
1076 4152 1120 4200 Sic
1140 4152 1189 4199 Dio
1210 4152 1228 4200 Ι.
1247 4163 1290 4201 ιν.
1310 4165 1340 4204 et

236 4225 264 4276 dl
274 4223 414 4288 ductores,
426 4241 502 4292 qinom
522 4227 555 4277 sd
574 4226 681 4277 verbum
698 4227 768 4292 cepi-
808 4226 886 4278 Cuius
897 4226 975 4290 periit
986 4240 1053 4277 enno
1068 4240 1129 4278 nco.
1141 4239 1197 4276 rvr.
