2967 4867
124 419 191 473 1.(3.
204 419 257 484 lb]
477 411 686 462 sumturum
711 410 785 459 hta.
808 410 850 459 lt.
1152 392 1218 462 443

119 577 175 642 per
194 559 320 635 urbem,
344 555 521 622 moliuntur
535 557 730 641 templorum
743 556 833 620 fores
843 561 866 619 :⁰
881 551 970 638 juvit
984 550 1217 618 credulitatem⁴¹

118 679 201 738 nox,
221 663 268 723 et·
284 657 442 742 promtior
471 658 553 722 inter
582 658 734 722 tenebras
763 653 943 720 affirmatio.
989 652 1065 718 Nee
1090 653 1220 718 obstitit

118 761 207 827 falsis
229 761 396 837 Tiberius,
423 758 527 824 donec
551 763 700 841 tempore
722 777 764 822 ac
787 756 896 839 spatio
912 760 1132 818 venesoeteut.
1176 751 1219 818 Et

117 864 259 947 populus
272 862 369 946 quasi
383 879 512 925 rursum
526 864 673 942 ereptum
689 859 797 922 acrius
811 855 928 920 doluit.

157 963 211 1030 83.
235 963 533 1045 Honores‚utquis
542 954 1218 1038 amoreinGermauieumautinganiova·
1286 989 1294 1000 ·

117 1063 217 1143 lidus,
243 1063 365 1149 reperti
387 1062 592 1147 decretique:
617 1066 675 1126 ‘ut
696 1079 816 1125 nomen
836 1059 909 1143 ejus
932 1057 1052 1122 Saliari
1067 1056 1220 1120 carmine·

118 1171 305 1232 caneretur:
334 1164 432 1230 sedes
457 1159 600 1229 curulesf
627 1160 843 1226 Sacerdotmn
864 1157 1098 1243 Augustalium
1122 1156 1218 1232 locis,

83 1364 87 1370 ⁴
117 1346 263 1396 neem
273 1359 316 1409 per
325 1345 454 1422 οἰυξωεπι,
463 1346 580 1421 emelim
590 1346 798 1394 summram
808 1343 904 1392 estest
936 1341 1014 1392 Auxit
1025 1338 1221 1398 mmdifuts‘ii·

117 1416 189 1486 tstest
199 1426 258 1488 sos,
265 1416 291 1486 et
299 1424 405 1473 prester,
423 1415 450 1458 st
466 1414 530 1458 teter
541 1409 656 1470 tenebras,
673 1409 821 1458 merentia
856 1409 907 1457 Nee
914 1407 982 1456 emis
998 1404 1141 1454 rumoribus
1151 1418 1220 1466 eppo·

116 1481 163 1524 sest
173 1490 199 1523 se
212 1476 329 1537 libertas,
337 1476 408 1523 donee
419 1474 542 1522 mteuelle
552 1474 664 1537 temperis
675 1472 778 1521 tandem
795 1472 976 1521 lisesmerest.
1011 1471 1046 1518 Et
1056 1469 1148 1530 selges,
1166 1472 1220 1516 tes·

117 1554 185 1603 ptest
194 1541 283 1589 beram
293 1544 375 1602 reptas
385 1538 533 1600 sublatusque
543 1538 779 1598 sustulissemus
789 1537 861 1597 mett,
870 1536 1036 1598 ingemuitque.

149 1603 260 1653 Hesem
268 1603 394 1652 investiet
405 1601 537 1662 emitari,
558 1606 629 1677 prom
638 1600 737 1664 quilibet
753 1601 839 1661 ferere
848 1602 874 1650 is
886 1600 1062 1661 Germanicam,
1071 1601 1114 1645 est
1124 1594 1221 1658 angoto

115 1667 381 1743 prepollebetffiesepe:
396 1672 424 1714 ut
437 1679 531 1714 nomeu
540 1678 596 1729 ejus
608 1666 786 1715 celebraretur
794 1665 921 1714 Saliorum
930 1671 1020 1714 cantu:
1038 1662 1109 1713 sellae
1118 1660 1221 1710 curules
1268 1709 1270 1712 .

117 1739 184 1782 tuter
196 1733 361 1782 sacerdotum
373 1729 554 1793 Augustalium
566 1729 651 1792 sedes,
666 1736 694 1779 et
705 1743 839 1793 superem
851 1742 968 1795 querceta
980 1741 1082 1778 coronae
1094 1737 1220 1789 poneren-

617 1875 723 1925 NO'l'lE

118 1985 189 2052 bant,
200 2003 253 2039 non
266 1996 366 2040 tantum
379 1996 408 2039 ut
422 1985 471 2053 ipsi
484 1994 654 2052 acceperant,
723 1985 828 2048 Saliare]
844 1984 881 2035 Hi
897 1984 1008 2034 honores
1019 1973 1220 2045 praecipui'vlsi3

118 2077 206 2115 verum
223 2080 256 2115 ex
267 2065 353 2128 gandii
362 2065 525 2114 vehementia
542 2064 651 2128 adjectis
690 2069 728 2124 ut,
741 2075 844 2126 nempe,
854 2073 946 2110 nomen
957 2054 1106 2108 Germanici
1125 2054 1220 2103 lesere-

15 2179 16 2182 ,
117 2136 197 2202 tuus,
214 2139 262 2189 sed
274 2156 332 2206 quae
343 2140 393 2205 ipsi
403 2140 509 2190 evenire
521 2146 650 2204 optarent.
690 2145 762 2188 retur
773 2136 887 2197 carmini,
900 2150 950 2200 quo
962 2133 988 2183 in
1000 2146 1086 2182 annua
1110 2128 1221 2179 solenni·

147 2225 159 2252 e
174 2219 311 2268 Metinates
326 2220 464 2282 templorum
473 2216 554 2280 feres]
583 2218 651 2267 Nam
690 2222 746 2264 tate
757 2211 915 2273 sacerdotes,
926 2202 1223 2274 quosasaitandoSsiios

119 2308 225 2360 vespere
236 2294 295 2345 haec
307 2299 391 2359 gesta,
402 2301 448 2342 aut
459 2301 545 2356 nocte,
557 2300 584 2342 et
596 2299 651 2341 tum
691 2296 794 2350 vocant,
816 2289 885 2336 iuter
906 2282 987 2335 festas
1009 2283 1124 2344 choreas,
1150 2280 1221 2329 Deos

119 2370 204 2420 clausa
216 2372 321 2436 templa.
354 2369 492 2420 Suetonius
502 2369 583 2433 eattg.
595 2374 650 2420 cb.
691 2379 818 2415 armorum
830 2361 955 2428 praesides
965 2359 1099 2410 celebrare
1113 2370 1221 2406 consue-

119 2445 149 2496 de
157 2448 214 2511 ipsa
220 2449 268 2497 hac
277 2462 318 2497 re:
334 2448 342 2474 ‘
352 2448 471 2509 Repente
476 2447 532 2510 jum
542 2446 652 2510 uesperi,
691 2448 794 2491 verunt.

119 2537 175 2572 cum
193 2524 300 2573 incertis
319 2522 467 2573 auctoribus
491 2522 651 2572 convaluisse
723 2512 930 2576 ‘Sedeseureled
941 2507 1102 2575 Spectaculis
1113 2506 1222 2554 Romam

118 2599 316 2662 percrebuisset,
334 2599 428 2661 passim
444 2612 501 2646 cum
514 2596 651 2645 luminibus
692 2590 858 2651 transductis,
869 2601 961 2651 magno
973 2582 1062 2633 honori
1076 2579 1128 2630 fnit
1138 2578 1222 2643 pubii-

118 2681 145 2724 et
156 2675 268 2725 victimis
286 2674 312 2722 in
328 2673 485 2736 Capitolium
497 2686 650 2721 concursum
691 2664 772 2716 cusin
784 2665 911 2723 lisinam,
928 2658 1048 2724 exempla
1065 2654 1154 2704 multa.
1187 2651 1221 2703 E·

119 2759 165 2816 est,
184 2766 215 2801 ae
233 2765 308 2815 pane
330 2749 439 2798 revulsae
455 2748 559 2812 templis
571 2746 650 2808 fores,
691 2741 774 2790 rstutt
791 2738 915 2803 paulatim
927 2734 1051 2796 edolatis,
1069 2737 1098 2781 ut
1117 2743 1166 2780 uon
1183 2741 1222 2777 so·

119 2842 150 2877 na
161 2828 226 2894 quid
243 2827 382 2892 gestientes
395 2832 456 2874 vota
467 2825 576 2874 reddere
596 2838 650 2873 mo·
690 2819 742 2867 iuur
754 2816 829 2879 vivis,
849 2815 894 2865 sed
906 2816 983 2864 etiam
994 2809 1143 2861 absentibus
1155 2819 1222 2856 mor·

119 2902 241 2952 teretur?
691 2883 1224 2957 tuisqueuiaretutisiocusmemoriaecon·

148 2976 248 3027 ‘ducit
259 2974 434 3038 eredulitatem]
457 2974 521 3023 Cum
542 2986 595 3021 nux
613 2972 651 3020 iu·
691 2967 834 3018 servande.
879 2965 941 3015 Loci
963 2961 1068 3028 praebiti
1098 2957 1222 3009 indicium

118 3053 232 3118 didisset,
251 3052 327 3102 multi
345 3050 468 3100 audacius
488 3046 651 3097 affirmabant
691 3046 755 3093 seila
768 3049 845 3092 esset.

106 3145 178 3181 vvera
188 3144 319 3195 esse,quae
330 3129 493 3184 diserentium
511 3120 650 3190 quosiorte
724 3118 838 3168 Primum
850 3114 985 3180 vestigium
1004 3113 1061 3178 ejus
1080 3110 1144 3159 ritus
1160 3108 1221 3158 odo·

118 3207 232 3257 interdiu
244 3213 290 3255 aut
302 3205 394 3271 pudor,
403 3216 455 3252 rem
465 3203 651 3264 incompertam
692 3195 743 3244 rari
756 3192 846 3242 videor
857 3192 883 3240 in
892 3190 957 3240 Livii
970 3187 1056 3239 verbis
1065 3187 1082 3236 l
1090 3199 1122 3234 rr.
1131 3184 1164 3234 de
1172 3185 1222 3233 Va-

118 3290 218 3334 temere
229 3280 402 3340 asseverandi,
419 3276 553 3328 autetiam
567 3282 651 3325 metus
691 3268 906 3320 ieriodietstors:
916 3267 1054 3315 ‘Dictator
1063 3260 1222 3323 triumphans

118 3375 149 3411 ex
161 3358 273 3410 inimicis
282 3355 430 3406 Germanici
441 3353 617 3403 deterruisset.
691 3347 717 3394 in
729 3344 817 3394 urbem
829 3342 973 3392 invehitur:
990 3351 1068 3402 super
1078 3336 1168 3386 solitos
1179 3336 1223 3386 ho·

149 3443 161 3469 ⁶
177 3434 268 3484 Saliari
285 3430 399 3494 carmine]
428 3431 480 3483 Qui
499 3430 579 3478 bonos
602 3442 652 3477 non
691 3436 767 3470 nores
779 3420 850 3469 loeus
870 3418 897 3465 in
908 3416 984 3466 Circo
997 3414 1045 3478 ipsi
1060 3411 1223 3478 posterisque

118 3512 168 3562 nisi
180 3510 324 3560 nominibus
334 3508 459 3558 Deorum.
494 3505 552 3555 Hoc
566 3517 652 3553 exeru-
691 3498 724 3547 ed
732 3495 911 3560 spectaculum
919 3492 1008 3542 datus:
1021 3492 1084 3541 seiis
1092 3490 1119 3540 in
1127 3504 1158 3540 eo
1166 3491 1223 3540 loco

119 3590 162 3652 plo
173 3588 211 3637 bi.
221 3586 350 3636 Antonius
358 3582 541 3646 Philosophus,
549 3586 651 3630 mortuo
691 3572 787 3643 curulis
800 3569 901 3635 posita!

118 3665 171 3715 tilio
183 3666 263 3726 Vero,
274 3662 366 3726 ‘jussit
378 3669 405 3709 ut
416 3674 508 3709 nomen
520 3659 577 3723 ejus
588 3659 651 3708 Sati.
723 3646 821 3698 Catari
831 3645 935 3694 babitus
945 3642 1039 3692 deinde
1049 3641 1118 3689 idem
1128 3640 1221 3689 honos:

117 3741 155 3790 ari
179 3739 286 3788 omnini
307 3737 481 3785 insereretur!
522 3734 564 3783 lta
585 3734 651 3783 malo
691 3705 979 3772 uiclssrflffioldiaiv·
1011 3712 1223 3777 ’Βψηφῐσαηοτόν

118 3817 187 3881 apud
204 3813 369 3878 spartianum
381 3825 466 3875 quam,
481 3807 618 3870 buter-retur.
690 3817 718 3847 rr
734 3799 815 3862 lippos
825 3795 897 3845 airis
906 3794 949 3842 τὸν
960 3790 1086 3854 δπῐχρυσον
1096 3787 1169 3837 thre
1185 3785 1222 3837 il·

151 3894 244 3942 Seiieri
254 3888 367 3949 munins]
384 3887 433 3935 ills
443 3885 600 3935 carminibus
609 3899 652 3933 no·
691 3872 850 3938 statuitis
856 3862 1224 3932 etidwtlvittlbtlorreiiul·

118 3969 210 4019 minari
223 3967 298 4015 vaide
307 3963 437 4013 iaudabile
449 3968 512 4011 erut.
530 3961 587 4010 Sic‘
597 3962 652 4010 Mu.
690 3967 780 4014 χρυσον
788 3947 935 4009 abduntur:
955 3946 963 3970 ‘
976 3943 1156 3991 Decreverunt
1167 3940 1223 3989 Sei·

119 4044 217 4093 memus
234 4039 368 4099 Veturius,
389 4051 446 4084 cum
469 4035 552 4085 ancile
575 4034 652 4084 isbri.
692 4030 742 4077 ism
753 4027 835 4089 ipsum
848 4028 963 4071 aurstuu
974 4018 1062 4066 induci
1072 4017 1098 4064 ln
1112 4016 1223 4080 theatra,

120 4124 217 4169 cassset
229 4111 337 4179 insigne,
351 4111 439 4178 petiit,
456 4117 485 4160 nt
494 4111 586 4159 Saliari
598 4124 653 4159 car·
692 4110 720 4153 et
738 4113 859 4151 coronam
879 4101 1032 4161 gemmatam
1050 4091 1223 4157 auramque!

120 4185 537 4243 minenomansuumcaueretur.’
550 4185 650 4240 Plutar.
692 4179 757 4229 blox
775 4176 813 4225 bl.
825 4172 951 4223 Mareeiio
971 4167 1104 4230 defuneto,
1120 4161 1154 4218 de
1171 4182 1222 4231 quo

122 4267 278 4344 munus..
692 4243 1222 4320 verbsejusdbmscriptoris,i.nru.‘ttu.
