2967 4867
237 391 260 457 2
689 400 883 451 natarunt.

238 549 441 637 Vespasiani
469 552 545 615 ante
573 546 624 613 Te
650 551 685 612 et
712 546 784 611 Titi
808 552 844 613 et
867 540 1063 621 Domitiani,
1094 546 1129 606 et
1154 537 1277 607 Nervae
1305 544 1340 608 et

149 669 178 688 ·’
237 655 376 739 Trajaui
405 652 585 729 coluerunt,
609 653 643 713 et
660 648 766 730 gratia
786 666 850 712 sua
873 644 1033 728 singulari
1055 642 1225 725 complexi
1250 645 1338 706 sunt.

237 757 317 824 Non
339 754 568 838 dedignaberis
592 753 627 817 iu
649 750 725 835 ejus
746 749 797 814 Te
821 749 950 815 tradem
971 747 1194 830 disciplinam,
1209 745 1339 829 quiper

236 878 351 926 omncs
366 857 488 942 gradus
501 856 662 920 honorum
684 857 832 928 erectus,
855 851 890 915 iu
904 849 1050 933 Imperio
1065 847 1156 913 orbis
1179 853 1339 911 terrarum

238 961 357 1029 consul
380 959 521 1027 obtinuit
543 955 768 1042 principatum
783 972 792 1033 ;
808 952 942 1035 quique,
956 951 986 1015 si
1006 968 1072 1015 non
1090 947 1133 1012 de
1147 945 1341 1031 generalm-

236 1065 399 1149 paratorio
410 1062 574 1144 magister,
586 1054 858 1140 atcertegeneris
868 1051 1120 1137 Imperatoriiin
1132 1048 1183 1114 M.
1195 1047 1339 1114 Claudio

237 1165 359 1231 Tacito
385 1164 521 1230 Caesare
559 1178 678 1246 pareus
706 1163 742 1222 et
769 1161 886 1223 auctor
912 1154 1033 1219 extitit.
1091 1153 1203 1233 Quam
1239 1150 1339 1217 fidem

236 1268 358 1334 babere
382 1272 414 1331 te
442 1268 595 1349 oporteat
622 1263 694 1347 ejus
722 1257 912 1343 praeceptis,
940 1256 994 1320 vel
1021 1274 1066 1319 ex
1091 1255 1156 1319 hoc
1184 1252 1339 1335 intellige,

237 1368 329 1455 quod
349 1386 425 1451 quaa
448 1371 564 1449 suopte
588 1382 654 1427 usu
678 1366 713 1426 et
733 1359 946 1443 experientia,
971 1357 1097 1441 optima
1116 1355 1249 1438 regendi
1269 1374 1340 1420 ma·

237 1473 351 1555 gistra,
377 1469 503 1546 didicit,
533 1467 567 1531 id
595 1467 640 1530 sit
667 1464 860 1530 traditurus.
904 1460 948 1525 Et
968 1464 1046 1525 sunt
1067 1459 1203 1543 quidam
1224 1458 1281 1542 qui
1296 1458 1340 1524 de

238 1572 428 1656 Republica
452 1571 662 1656 scripserunt,
684 1566 743 1656 sed
757 1564 875 1652 procul
889 1584 911 1629 a
925 1563 1113 1647 Republica
1137 1561 1239 1646 positi
1260 1561 1339 1644 ipsi.

237 1673 277 1741 0.
293 1672 463 1739 Cornelius
476 1671 616 1737 Tacitus
638 1689 705 1736 non
722 1668 888 1734 inumbra
909 1673 943 1731 et
966 1665 1167 1730 scholastico
1191 1663 1338 1754 pulvere,¹

237 1776 298 1841 sed
322 1773 496 1858 stipendiis
517 1794 576 1858 per
588 1772 780 1857 provincias
793 1770 949 1848 smaltis,
972 1768 1137 1854 rebusque
1150 1767 1183 1831 in
1199 1764 1292 1848 Urbe
1305 1770 1341 1832 et

236 1875 329 1943 Aula
363 1881 462 1962 atque
484 1877 640 1940 universo
670 1873 819 1956 Imperio
846 1869 1083 1949 administratis
1111 1867 1250 1936 edoctus
1277 1872 1338 1933 est

236 1979 350 2046 Julius
372 1977 488 2062 Caesar
509 1976 775 2043 Commentarios
797 1974 839 2039 de
859 1973 957 2040 bele
972 1992 994 2037 a
1007 1991 1043 2036 se
1056 1970 1159 2064 gestis
1171 1968 1340 2052 conscrip-

238 2083 293 2162 sit,
307 2083 455 2167 egregios
469 2081 545 2146 illos
569 2080 715 2165 quidem,
731 2063 791 2144 sed
806 2079 840 2143 in
854 2065 976 2165 quibus
990 2074 1170 2158 disciplina
1182 2072 1339 2158 regnandi

237 2203 358 2272 parum
379 2185 508 2262 elucet3
542 2201 649 2264 neque
675 2187 743 2246 tam
773 2199 914 2263 eaquae
943 2178 1096 2255 consilio,
1128 2196 1231 2260 quam
1258 2187 1350 2260 quse*

237 2286 365 2353 viribus
376 2283 493 2367 populi
509 2281 652 2346 Romani
665 2285 742 2344 sunt
755 2280 856 2358 facta,
871 2279 1171 2363 comprehendunt:
1199 2277 1339 2344 Tacitus

238 2384 409 2452 Historias
435 2381 606 2447 Romanas
630 2383 680 2445 sic
694 2381 823 2459 scribit,
836 2386 951 2445 utnon
964 2380 1073 2445 solum
1086 2400 1139 2476 eu,
1153 2401 1231 2465 quae
1254 2380 1340 2465 pub·

236 2488 302 2554 lice
328 2491 362 2550 et
384 2485 419 2549 in
448 2484 554 2549 comis
577 2484 721 2548 omnium
737 2487 831 2565 gesta
844 2488 934 2559 sunt,
947 2488 1127 2562 recenseat,
1148 2483 1337 2561 sedetiam,
1454 2552 1461 2556 .

236 2591 288 2655 ita
300 2593 337 2654 nt
360 2589 395 2652 in
417 2587 494 2671 ipsa
516 2586 728 2668 consiliorum
745 2584 859 2669 adyta,
873 2590 907 2649 ct
920 2585 956 2652 in
969 2586 1048 2668 ipsa
1061 2586 1209 2672 amentia
1223 2605 1340 2668 regna·

236 2691 330 2758 tricis
356 2686 536 2773 penebaliu
563 2689 660 2771 quasi
682 2706 781 2756 mauu
805 2686 921 2765 ducat,
942 2706 1130 2771 arcanaque
1143 2687 1340 2756 reconditis·

237 2793 324 2859 sinna
338 2792 389 2854 sic
403 2789 534 2867 enudet,
559 2789 681 2873 quibus
702 2788 847 2873 publicae
869 2807 922 2852 res
944 2795 1165 2870 gemmant
1189 2787 1340 2874 discipli·

236 2913 315 2960 nam
330 2892 517 2975 Imperandi
540 2891 727 2959 universam
748 2889 1000 2973 complectatur,
1029 2909 1070 2955 ac
1099 2891 1188 2958 clare
1202 2877 1339 2958 demon

239 2999 342 3074 suet3
364 3012 471 3077 neque
498 2991 535 3057 id
563 2993 754 3076 operosiore
775 3011 869 3070 cura,
891 2997 951 3056 aut
970 3011 1061 3062 more
1075 2999 1109 3059 et
1122 2994 1355 3078 iugeniopbi·'

236 3094 462 3179 losopborum,
485 3094 544 3158 sed
563 3094 737 3177 prudentia
759 3094 846 3178 ipsa,
871 3093 1036 3179 factisque
1059 3095 1340 3177 luculentissimis,

236 3201 270 3263 at
282 3197 366 3281 ipsis
381 3197 479 3260 rebus
492 3196 605 3278 gestis,
620 3201 721 3280 atque
732 3195 896 3279 exemplis
920 3196 1172 3282 Imperatorem,
1196 3197 1338 3280 Regiam,

237 3298 435 3383 populorum
460 3298 620 3377 adornat3
644 3300 724 3382 quia
741 3299 895 3368 nimitum
908 3299 1014 3366 multo
1028 3300 1258 3366 vehementius
1266 3298 1338 3376 affi7

236 3401 328 3467 cium
348 3406 408 3465 aut
428 3402 576 3479 virtutes,
598 3406 655 3466 aut
668 3401 760 3489 vitia,
775 3421 850 3484 quaa
874 3420 942 3466 non
956 3401 1226 3485 philosophorum
1238 3402 1345 3482 Come

235 3503 408 3570 macariis
432 3503 676 3586 consignantur,
703 3504 763 3570 sed
791 3522 869 3587 qnae
891 3505 925 3567 in
950 3504 1035 3587 ipsis
1056 3505 1289 3571 homiuibuset
1302 3505 1339 3571 in

236 3602 321 3689 ipsis
335 3604 477 3685 negotiis
497 3622 659 3687 expressa
673 3605 845 3678 cernimus.
894 3604 935 3669 ln
949 3602 1102 3688 Augusto
1116 3605 1339 3672 fortitudinem

235 3705 509 3787 acprudentiam,
530 3706 565 3769 in
583 3705 797 3789 Vespasiano
812 3708 1031 3785 tolerantiam,
1054 3708 1087 3770 in
1101 3706 1180 3773 Tito
1195 3708 1339 3775 liberali-

235 3807 350 3881 tatem,
380 3806 559 3884 bonitatem
573 3807 608 3869 in
627 3806 773 3893 'Ibajapo
792 3827 930 3888 cernes3
959 3810 992 3872 in
1019 3810 1229 3892 principibus
1248 3811 1337 3890 aliis,

236 3904 319 3989 quiid
336 3907 565 3989 periculosum,
588 3907 670 3992 quid
696 3911 877 3975 exitiosum
905 3911 960 3988 sit,
988 3911 1076 3975 ultro
1097 3931 1281 3994 agnosces3
1303 3919 1339 3979 et
1375 3931 1379 3940 ¹

236 4026 279 4072 eo
307 4010 531 4092 praestantius,
554 4009 719 4093 quadres
740 4017 775 4075 et
796 4012 935 4077 consilia
955 4013 989 4076 in
1011 4016 1125 4077 causis
1140 4016 1223 4098 ipsis
1239 4016 1339 4082 intro-

237 4116 398 4175 scrutetur
410 4116 443 4176 et
465 4109 595 4196 detegat
608 4120 725 4177 auctor
745 4114 1068 4198 perspicacissimus.
1111 4114 1236 4194 Quanti
1250 4118 1341 4183 asti·

235 4210 357 4278 marint
368 4211 533 4294 Tacitum,
561 4217 660 4299 atquc
683 4212 764 4300 ejus
780 4218 951 4301 praecepta
969 4223 1146 4302 manentes
1158 4218 1338 4306 Pfimilffl»
