2967 4867
271 395 317 464 io
718 411 930 462 remansio.

267 555 445 645 judicium,
458 556 572 622 vivida
593 575 696 634 mens,
712 551 840 637 'magua
859 577 968 621 rerum
981 555 1210 639 bominumque
1232 552 1377 619 scientia

271 665 307 724 et
328 659 545 742 experientia,
567 665 696 743 promta
718 665 751 723 et
773 658 938 742 profunda
958 656 1124 739 cogitandi
1151 674 1192 722 ac
1208 655 1377 720 scribendi

272 762 344 825 vis:
378 761 532 844 quodque
561 763 603 825 iis
638 763 841 846 temporibus
861 760 1077 834 rarissimum,
1110 757 1240 821 animus
1264 776 1375 841 neque

272 860 417 926 libertati
434 865 588 940 iuleusus,
604 882 708 947 neque
723 862 883 927 adversus
897 861 1103 925 dominantes
1116 866 1306 924 contumax.

317 963 464 1028 Primum
476 964 642 1029 scribendi
664 973 886 1046 argumentum
909 964 1027 1026 sumsit
1041 970 1223 1043 temporum
1238 981 1375 1028 urorum

274 1063 468 1142 Historias,y
483 1085 568 1149 quas
591 1083 613 1129 a
636 1065 777 1130 Neronis
790 1065 854 1128 tine
865 1064 907 1129 ad
924 1062 1109 1129 Domitiani
1124 1082 1238 1127 necem
1252 1063 1375 1129 sacilli·

273 1184 330 1230 ma
343 1172 378 1230 et
391 1169 555 1232 uberrima
566 1187 652 1232 vena
663 1175 862 1252 prosecutus
874 1174 936 1242 est,
952 1165 1032 1229 recti
1047 1164 1184 1247 verique
1198 1165 1374 1247 pervicax,

273 1267 346 1331 siue
359 1269 429 1333 ulla
452 1270 639 1335 assentandi
657 1277 715 1334 aut
738 1268 930 1335 criminandi
944 1267 1093 1332 libidine.
1138 1267 1223 1330 Pars
1236 1267 1374 1350 quidem

274 1371 385 1450 operis
401 1371 548 1435 maxima
556 1371 671 1456 periit:
694 1377 826 1435 manent
839 1377 949 1434 tamen
963 1370 1069 1447 initia,
1092 1370 1169 1452 quis
1189 1387 1256 1433 non
1270 1368 1374 1434 modo

272 1486 435 1552 expressa
449 1491 552 1537 avara
564 1479 599 1537 et
612 1491 736 1556 anceps
750 1470 872 1536 Galbae
883 1477 1048 1548 senectus,
1063 1490 1215 1555 praeceps
1229 1468 1375 1537 Otbouis

273 1571 424 1650 ambitio,
443 1576 551 1655 segnis
573 1580 607 1638 et
625 1574 719 1640 ioeda
741 1573 870 1640 Vitellii
890 1574 1064 1656 ingluvies,
1085 1575 1144 1638 sed
1157 1582 1190 1640 et
1210 1576 1375 1641 bellmum

274 1673 419 1738 civilium
436 1685 532 1754 artes,
547 1676 756 1762 fraudesque,
777 1683 812 1743 et
830 1678 966 1755 scelera,
981 1678 1105 1761 majore
1119 1683 1188 1741 arte
1198 1677 1373 1756 incertum,

266 1791 317 1838 an
344 1775 526 1860 prudentia,
558 1779 602 1843 ad
640 1783 742 1845 totius
779 1781 845 1844 mvi
882 1781 1125 1857 documentum,
1163 1779 1373 1862 deteguntur.

278 1874 411 1943 Utinam
434 1882 529 1944 uobis
551 1900 616 1945 uuu
640 1882 813 1947 invidisset
835 1889 967 1965 tempus
988 1885 1116 1963 partem
1130 1881 1279 1960 alteram,
1293 1902 1374 1966 quae
1461 1905 1466 1922 ’

273 1981 449 2064 providam
475 1983 677 2068 Vespasiani
697 1990 849 2063 mentem,
867 1983 1117 2066 haeresesque
1131 1983 1287 2061 cariores,
1301 1983 1375 2049 Titi

272 2086 408 2151 virtutes
433 2090 639 2173 explicabat!
675 2089 765 2155 Haec
788 2088 920 2173 quidem
946 2086 1075 2152 Flaviae
1104 2084 1224 2149 domus
1251 2084 1375 2150 decora

272 2191 462 2273 excepisset
485 2197 583 2255 atrox
606 2191 789 2256 Domitiani
802 2190 963 2274 nequitia.
1007 2188 1065 2266 At,
1080 2188 1134 2253 vel
1157 2187 1375 2252 interaoerba

274 2287 442 2374 Principis
467 2292 605 2374 flagitia,
621 2312 709 2376 quau,
735 2312 757 2357 a
776 2292 976 2376 gravissimo
999 2292 1161 2375 scriptore
1181 2296 1375 2366 memorata,

272 2390 415 2455 fuissent
437 2407 629 2477 magnarum
647 2396 882 2479 cogitationum
895 2392 1064 2470 ioecuurla,
1080 2392 1237 2477 jurasset
1250 2388 1373 2469 adbuc,

272 2494 363 2577 quod
377 2497 564 2560 summatim
578 2497 673 2563 tuitio
688 2499 799 2581 operis
823 2499 896 2582 ipse
918 2496 1058 2561 Tacitus
1077 2491 1375 2579 prodideramus

273 2596 430 2661 virtutum
450 2600 614 2683 exempla,
641 2619 814 2685 supremas
835 2602 996 2665 clarorum
1014 2597 1237 2673 necessitates,
1247 2596 1374 2679 ipsam-

273 2716 338 2782 que
352 2702 580 2765 necessitatem
600 2703 725 2768 fortiter
748 2703 922 2768 toleratam
936 2717 1146 2784 cognoscere.
1190 2694 1375 2781 Nunquam

272 2800 361 2864 enim
384 2802 563 2868 illustriora
586 2810 662 2869 sunt
685 2805 813 2870 viantis
837 2804 1027 2881 certamina,
1043 2820 1145 2885 quam
1167 2818 1243 2863 cum
1257 2798 1374 2864 durius

273 2902 449 2992 premitu13
473 2910 516 2983 et,
530 2908 567 2970 ut
579 2908 664 2971 inter
675 2911 909 2990 tempestatum
922 2902 1056 2969 horrida
1070 2902 1216 2968 acriores
1229 2901 1374 2968 emicant

272 3003 380 3084 ignes,
401 3004 451 3068 sic
476 3006 559 3070 inter
579 3012 765 3092 temporum
787 3007 858 3071 fera
880 3004 1024 3071 vividior
1036 3004 1212 3088 puriorque
1225 3002 1374 3086 exsungit

272 3101 387 3169 virtus.

316 3205 400 3272 Post
420 3206 505 3274 banc
530 3208 758 3276 Historiarum
785 3230 911 3288 curam,
933 3210 1074 3275 Tacitus
1093 3207 1297 3293 superiorem
1309 3207 1373 3273 im·

272 3308 357 3393 perii
384 3313 575 3377 memoriam
603 3312 802 3378 narrandam
827 3313 996 3396 suscepit3
1036 3329 1177 3394 eamque
1198 3328 1221 3373 a
1244 3308 1373 3374 Tiberii

267 3411 458 3496 principatu
487 3413 531 3477 ad
558 3412 707 3478 Neronis
733 3416 860 3480 exitum
898 3415 933 3478 in
966 3412 1153 3478 Annalibus
1191 3411 1372 3493 conclusit3

271 3512 428 3594 pressior,
443 3515 559 3592 acrior,
574 3516 758 3594 mntentiis,
773 3535 873 3601 quam
884 3515 995 3580 verbis
1005 3513 1247 3579 abundantior:
1283 3531 1372 3595 prm·

272 3616 381 3700 ceptis
395 3616 542 3700 pontice
566 3619 647 3684 artis
673 3621 721 3684 ita
745 3620 906 3705 locuples,
920 3625 967 3698 ut,
981 3621 1011 3683 si
1033 3618 1094 3683 bos
1116 3624 1243 3684 tautum
1256 3615 1372 3702 Amm-

271 3715 352 3781 lium
373 3717 476 3782 libros
498 3718 671 3799 edidisset,
691 3719 882 3805 Principum
906 3723 1175 3804 privatorumque
1188 3719 1370 3800 hominum,

265 3820 332 3902 qui
354 3818 398 3885 ad
420 3821 660 3905 rempublicam
678 3825 851 3902 accedunt,
875 3826 1061 3907 praeceptor
1076 3821 1371 3905 doctorquebabe·

272 3925 379 3987 retur:
412 3921 447 3986 in
472 3923 538 3987 boc
562 3923 725 3988 scribendi
746 3943 861 4009 genere
884 3924 1012 4008 primns
1037 3923 1188 3988 simulet
1209 3942 1369 3991 summus.

768 4106 874 4162 NO'lAE

305 4226 410 4281 ruscia
422 4226 494 4281 nur.
507 4241 527 4282 ι.
539 4233 563 4284 1.
578 4227 649 4284 dun.
658 4241 698 4282 ιι.
711 4231 752 4282 11.
881 4225 989 4280 ‘Tarta
1001 4224 1072 4278 llist.
1085 4239 1104 4280 ι.
1117 4227 1141 4279 t.
