2967 4867
282 276 349 343 (m
632 292 664 340 0.
685 292 868 343 conuenit
890 293 1017 342 uolut
1223 299 1383 365 [sums.

278 428 399 519 Jmtate
412 433 592 517 Principis,
602 435 695 515 gravi
710 438 743 497 et
757 433 966 498 dissimulata
979 433 1157 501 offensione
1172 437 1381 503 abdidisse¹³

283 536 351 600 Sed
365 543 435 601 tum
448 539 458 569 ‘
473 535 640 619 supplicia
655 534 742 611 Diis,
758 534 893 617 ludique
907 535 1055 615 magni'⁸
1074 537 1117 599 ab
1133 537 1259 603 Senatu
1273 539 1380 605 deuer-

280 642 409 713 nnntur,
433 641 442 669 ‘
459 654 542 718 qnos
559 633 740 699 Pontifices
754 641 787 698 et
797 633 951 716 Augures
965 642 998 699 et
1009 634 1285 718 Quindecimviri,
1300 641 1381 725 Sep

281 739 430 802 temviris
453 736 551 799 simul
574 743 608 801 et
623 736 800 801 Sodalibus
824 735 1076 818 Augustalibus,
1100 739 1254 806 ederent'
1299 742 1380 807 Ceu-

281 843 392 905 suerat
410 838 451 902 L.
466 836 647 920 Apronius,
671 841 681 871 ‘
696 844 731 901 ut
747 837 899 903 Feciales
915 859 1049 924 quoque
1063 839 1107 903 iis
1121 841 1208 905 ludis
1223 844 1381 926 praeside·

279 938 370 1005 rent?
402 935 768 1016 eunomianorum,
783 940 948 1004 ‘distincto
963 941 1223 1007 sacerdotiorum
1236 945 1327 1028 jure,
1349 953 1381 1013 et

279 1042 425 1125 repetitis
448 1039 631 1124 exemplis:
664 1041 908 1123 ‘nequeenim
931 1061 1077 1124 nuquam
1099 1042 1295 1110 Fecialibus
1317 1048 1379 1112 hoo

277 1142 464 1225 majestatis
495 1141 637 1207 fuisset·
655 1140 731 1204 ideo
766 1138 969 1224 Augustales
1005 1142 1168 1226 adjectos,
1191 1148 1270 1229 quia
1305 1168 1379 1231 prn-

278 1245 386 1326 prium
400 1242 603 1325 ejusdemne
623 1241 842 1308 sacerdotium
859 1249 956 1320 esset,
982 1263 1045 1327 pro
1069 1264 1138 1328 qua
1152 1252 1232 1309 vota
1253 1251 1379 1330 persol-

277 1343 450 1410 verentur?

319 1448 374 1511 66.
404 1444 539 1530 Exequi
562 1446 740 1539 mentius
765 1444 854 1510 haud
877 1440 1018 1524 institui,
1049 1447 1113 1510 nisi
1137 1449 1294 1531 insigues,
1321 1472 1379 1535 per

276 1548 460 1625 honestum,
484 1546 695 1612 autnotabili
718 1546 899 1612 dedecore:
922 1547 1013 1632 quod
1038 1550 1246 1633 praecipuum
1260 1572 1379 1617 munus

276 1648 443 1713 annalium
465 1667 549 1725 reor,
579 1667 621 1711 ue
643 1650 782 1721 mantes
816 1650 984 1727 sileantur,
1012 1658 1114 1734 utque
1137 1654 1254 1734 pravis
1277 1654 1378 1719 metis

274 1749 437 1835 factisque
460 1769 506 1814 ex
534 1749 725 1833 posteritate
750 1753 783 1813 et
810 1750 948 1815 infamia
974 1757 1082 1815 metus
1110 1753 1165 1817 sit.
1224 1752 1378 1820 Ceterum

275 1856 428 1935 tempora
449 1852 507 1917 illa
526 1851 611 1916 adeo
630 1851 765 1928 inlecta,
786 1859 819 1917 et
842 1851 1033 1917 adulatione
1057 1852 1194 1917 sordida
1218 1854 1321 1934 fuere,
1341 1861 1379 1921 nt

275 2033 388 2103 tuspauss
401 2026 612 2104 &resurgimus
624 2028 775 2103 weris
790 2006 858 2076 eust.
878 2026 941 2103 ‘Sed
951 2030 1002 2075 tasi
1011 2030 1149 2075 mma
1158 2042 1174 2076 u
1184 2027 1300 2103 Patribus
1317 2043 1377 2106 sup:

275 2092 430 2155 plicationes
439 2092 509 2153 Dus,
520 2100 548 2141 et
559 2091 614 2140 ludi
625 2106 719 2154 magur,
731 2106 795 2156 quos
807 2089 960 2152 Pontifices,
971 2098 999 2139 et
1010 2105 1130 2152 augures,
1139 2099 1166 2139 et
1196 2092 1378 2144 urndecimrrn

274 2155 447 2217 celebrarent,
463 2156 539 2204 simul
557 2170 616 2204 cum
630 2156 804 2219 septemviris,
821 2161 852 2230 et
868 2154 1046 2230 sacerdotibus
1063 2107 1260 2218 Augustalibus.
1294 2158 1377 2208 Disae-

273 2219 394 2295 rserut'L.
405 2220 533 2295 Apronius,
545 2219 745 2295 eminebatque,
760 2226 790 2268 ut
801 2216 908 2294 feciales
919 2227 999 2267 enum
1010 2232 1042 2267 us
1052 2220 1207 2294 spectaculis
1222 2228 1374 2283 praeessent.

271 2282 515 2413 ,llss‘lssqffliin
526 2285 1377 2413 mttutluttuttttatfwufflm

273 2411 395 2540 :¹212ss
405 2411 669 2525 ffiffigaefflm’
685 2411 754 2475 quod
771 2412 870 2475 proprii
881 2411 938 2474 ejus
950 2412 1034 2474 gentis
1046 2411 1198 2461 sacerdotes
1213 2423 1312 2473 essent,
1329 2428 1376 2478 pro

272 2540 1021 2678 stanneus
1035 2540 1286 2668 utu
1296 2543 1376 2671 te

271 2665 382 2728 huobis
392 2667 587 2743 dictisfuctisqse
603 2683 634 2743 es:
649 2668 761 2719 semaia
772 2672 911 2741 ais-psueros
921 2672 990 2743 utque
1000 2667 1242 2744 rgaomaissqrmido
1252 2671 1295 2719 sit.
1330 2673 1376 2720 Ce-

270 2733 348 2781 sena·
358 2734 417 2783 utus
433 2730 476 2781 illu
486 2733 543 2782 adeo
560 2737 685 2799 snpasuute
700 2736 725 2783 es
740 2737 806 2795 tsrpr
822 2736 980 2782 suenum
990 2732 1105 2785 maim
1121 2732 1180 2793 teu,
1196 2738 1225 2783 at
1243 2748 1291 2785 aaa
1307 2738 1375 2785 nass

732 2876 911 2899 ”nume

512 2979 526 3025 l
544 2974 651 3026 Frustra
660 2980 748 3026 tentat
758 2977 891 3040 Emestus,
907 2977 1031 3040 accepim.
1046 2974 1129 3025 Idem.

764 3121 870 3172 NOTAE

301 3230 440 3281 'Grusiet
454 3231 601 3281 diuimiuts
616 3231 745 3297 ffessiese
758 3234 798 3283 st-
838 3233 1051 3287 Quindecimviri.

268 3307 366 3370 nume]
383 3308 798 3360 Abdidisseuonmodooceultun-
869 3310 922 3359 Dio
939 3309 956 3359 1.
972 3322 1031 3359 mn.
1051 3308 1099 3357 sub
1120 3307 1229 3371 initium,
1249 3309 1284 3359 de
1303 3311 1373 3362 ludis

269 3383 296 3431 di
313 3383 363 3431 alin
382 3384 466 3446 babet,
492 3399 581 3434 verum
598 3387 676 3434 etiam
695 3386 797 3448 penitus
836 3382 954 3433 Actiacis
965 3383 1105 3447 Agrippa:
1122 3382 1231 3448 ‘Atque
1249 3386 1266 3434 ii
1277 3386 1332 3435 ludi
1344 3388 1372 3436 in

266 3460 294 3509 in
303 3465 395 3522 pectus
405 3458 573 3521 demittendl;
589 3476 665 3526 qnam
677 3461 728 3511 sim
739 3459 796 3511 fere
835 3459 904 3508 bunc
913 3473 993 3523 nsque
1002 3459 1070 3508 diem
1082 3458 1257 3523 quinquennio
1268 3476 1373 3527 qnoque
1393 3468 1398 3479 “

265 3549 318 3585 nou
329 3542 498 3600 assequuntur
509 3537 677 3599 interpretes.
836 3535 975 3584 celebrati:
986 3548 1094 3598 qnorum
1103 3535 1205 3585 curatio
1216 3550 1299 3598 penes
1310 3552 1373 3602 qua·

299 3611 428 3675 'ludim
438 3612 530 3675 mecm]
540 3612 605 3661 Ludi
615 3612 708 3674 ungui,
715 3612 795 3661 iidem
836 3618 896 3661 tuor
907 3612 1016 3674 collegia
1027 3611 1190 3661 sacerdotum
1199 3613 1291 3664 ordine
1304 3622 1332 3665 et
1344 3617 1372 3665 in

266 3704 325 3741 cum
335 3689 463 3738 Romanis.
496 3688 728 3740 Quiuautesnludi
742 3689 795 3752 ple·
835 3688 913 3739 vices.
946 3688 1015 3737 nico
1036 3686 1203 3750 Pontificum,
1221 3688 1372 3754 Augurum,

265 3766 339 3830 rique
358 3765 425 3814 sacri
440 3763 510 3827 Diis,
525 3772 552 3812 et
571 3763 687 3813 instituti
699 3764 732 3813 ad
750 3778 794 3813 eos
835 3763 1064 3825 Septemvirornm,
1090 3762 1130 3811 nti
1151 3765 1320 3829 appellantur
1341 3776 1371 3818 et

265 3838 406 3905 placandos
417 3857 423 3888 ι
440 3839 523 3888 visum
534 3845 582 3900 est,
591 3846 621 3886 ut
632 3852 696 3886 cura
705 3851 794 3887 eornm
835 3837 1088 3891 centesimarum)

263 3908 594 3979 editisquesauerdotibus
623 3919 699 3963 meet.
734 3914 794 3963 Nou
867 3914 988 3962 Ceterum
1000 3911 1203 3963 adcurationem
1217 3917 1370 3968 sacerdota·

264 3990 383 4039 omnibus
400 3999 503 4040 mmm:
519 3989 565 4038 sed
576 3989 691 4051 collegiis
707 4003 792 4038 sacer·
834 3987 885 4037 lem
907 3987 1023 4051 pertinet
1045 3988 1158 4036 Cornelii
1178 3998 1207 4038 et
1228 3991 1272 4040 iile
1295 3993 1369 4042 locus

264 4062 355 4112 dotum
371 4074 499 4128 quatuor:
525 4079 582 4129 qua
599 4065 666 4118 ista:
684 4063 793 4114 Pontiti·
833 4065 926 4115 Auusl.
938 4076 977 4113 ιι.
995 4067 1003 4091 ‘
1017 4064 1103 4130 lisque
1114 4065 1182 4115 ludis
1190 4067 1318 4119 intentius
1327 4068 1369 4119 af·

265 4150 319 4200 ces,
338 4134 465 4203 Augures,
485 4139 642 4202 Septematri
659 4140 794 4211 epulones,
831 4139 879 4208 fni,
893 4140 1040 4193 sacerdotio
1058 4141 1290 4201 Quludecimsiieli
1300 4160 1368 4216 pra.
