<?xml version="1.0" encoding="UTF-8"?>
<!DOCTYPE html PUBLIC "-//W3C//DTD XHTML 1.0 Transitional//EN"
    "http://www.w3.org/TR/xhtml1/DTD/xhtml1-transitional.dtd">
<html xmlns="http://www.w3.org/1999/xhtml" xml:lang="en" lang="en">
 <head>
  <title>
</title>
<meta http-equiv="Content-Type" content="text/html;charset=utf-8" />
  <meta name='ocr-system' content='tesseract 3.04.00' />
  <meta name='ocr-capabilities' content='ocr_page ocr_carea ocr_par ocr_line ocrx_word'/>
</head>
<body>
  <div class='ocr_page' id='page_1' title='image "./operaomnia00cassgoog/operaomnia00cassgoog_0632.png"; bbox 0 0 2967 4867; ppageno 0'>
   <div class='ocr_carea' id='block_1_1' title="bbox 247 336 1348 423">
    <p class='ocr_par' dir='ltr' id='par_1_1' title="bbox 247 336 1348 423">
     <span class='ocr_line' id='line_1_1' title="bbox 247 336 1348 423; baseline 0.009 -28"><span class='ocrx_word' id='word_1_1' title='bbox 247 336 313 404; x_wconf 76' lang='lat'><strong>618</strong></span> <span class='ocrx_word' id='word_1_2' title='bbox 601 352 634 399; x_wconf 84' lang='lat' dir='ltr'><strong>o.</strong></span> <span class='ocrx_word' id='word_1_3' title='bbox 655 348 837 401; x_wconf 75' lang='lat' dir='ltr'><strong>mansur</strong></span> <span class='ocrx_word' id='word_1_4' title='bbox 856 346 988 398; x_wconf 81' lang='lat' dir='ltr'><strong>racrrr</strong></span> <span class='ocrx_word' id='word_1_5' title='bbox 1182 352 1348 423; x_wconf 70' lang='lat' dir='ltr'><strong>[amm.</strong></span> 
     </span>
    </p>
   </div>
   <div class='ocr_carea' id='block_1_2' title="bbox 246 492 1352 1389">
    <p class='ocr_par' dir='ltr' id='par_1_2' title="bbox 246 492 1352 1389">
     <span class='ocr_line' id='line_1_2' title="bbox 247 492 1350 579; baseline 0 -19"><span class='ocrx_word' id='word_1_6' title='bbox 247 495 312 560; x_wconf 81' lang='lat' dir='ltr'><strong>bus</strong></span> <span class='ocrx_word' id='word_1_7' title='bbox 322 495 513 578; x_wconf 61' lang='lat' dir='ltr'><strong>pamas</strong></span> <span class='ocrx_word' id='word_1_8' title='bbox 528 499 543 529; x_wconf 66' lang='lat'><em>¹</em></span> <span class='ocrx_word' id='word_1_9' title='bbox 557 501 596 561; x_wconf 87' lang='lat' dir='ltr'><strong>ut</strong></span> <span class='ocrx_word' id='word_1_10' title='bbox 608 493 791 579; x_wconf 68' lang='lat' dir='ltr'><strong>perspectu</strong></span> <span class='ocrx_word' id='word_1_11' title='bbox 799 494 885 577; x_wconf 89' lang='lat' dir='ltr'><strong>jure,</strong></span> <span class='ocrx_word' id='word_1_12' title='bbox 900 500 933 557; x_wconf 87' lang='lat' dir='ltr'><strong>et</strong></span> <span class='ocrx_word' id='word_1_13' title='bbox 946 494 976 557; x_wconf 86' lang='lat' dir='ltr'><strong>si</strong></span> <span class='ocrx_word' id='word_1_14' title='bbox 989 511 1059 576; x_wconf 77' lang='grc' dir='ltr'><strong>(μ</strong></span> <span class='ocrx_word' id='word_1_15' title='bbox 1068 492 1231 577; x_wconf 65' lang='lat' dir='ltr'><strong>&#39;aquitae</strong></span> <span class='ocrx_word' id='word_1_16' title='bbox 1246 495 1350 560; x_wconf 83' lang='lat' dir='ltr'><strong>invol-</strong></span> 
     </span>
     <span class='ocr_line' id='line_1_3' title="bbox 247 594 1350 688; baseline 0.001 -29"><span class='ocrx_word' id='word_1_17' title='bbox 247 603 385 673; x_wconf 85' lang='lat' dir='ltr'><strong>veretur,</strong></span> <span class='ocrx_word' id='word_1_18' title='bbox 400 616 468 661; x_wconf 88' lang='lat' dir='ltr'><strong>rem</strong></span> <span class='ocrx_word' id='word_1_19' title='bbox 482 597 639 688; x_wconf 81' lang='lat' dir='ltr'><strong>integram</strong></span> <span class='ocrx_word' id='word_1_20' title='bbox 653 614 781 659; x_wconf 86' lang='lat' dir='ltr'><strong>rursum</strong></span> <span class='ocrx_word' id='word_1_21' title='bbox 803 594 847 657; x_wconf 86' lang='lat' dir='ltr'><strong>ad</strong></span> <span class='ocrx_word' id='word_1_22' title='bbox 869 595 1030 659; x_wconf 68' lang='lat' dir='ltr'><strong>Saum</strong></span> <span class='ocrx_word' id='word_1_23' title='bbox 1044 595 1218 659; x_wconf 72' lang='lat' dir='ltr'><strong>referrent!</strong></span> <span class='ocrx_word' id='word_1_24' title='bbox 1263 596 1350 660; x_wconf 86' lang='lat' dir='ltr'><strong>Con·</strong></span> 
     </span>
     <span class='ocr_line' id='line_1_4' title="bbox 247 695 1351 780; baseline -0.001 -19"><span class='ocrx_word' id='word_1_25' title='bbox 247 697 336 761; x_wconf 80' lang='lat' dir='ltr'><strong>sulas</strong></span> <span class='ocrx_word' id='word_1_26' title='bbox 350 717 449 779; x_wconf 87' lang='lat' dir='ltr'><strong>snper</strong></span> <span class='ocrx_word' id='word_1_27' title='bbox 462 717 520 761; x_wconf 87' lang='lat' dir='ltr'><strong>eas</strong></span> <span class='ocrx_word' id='word_1_28' title='bbox 534 698 697 775; x_wconf 86' lang='lat' dir='ltr'><strong>civitates,</strong></span> <span class='ocrx_word' id='word_1_29' title='bbox 707 699 995 780; x_wconf 72' lang='lat' dir='ltr'><strong>qwnamoravi,</strong></span> <span class='ocrx_word' id='word_1_30' title='bbox 1012 697 1122 780; x_wconf 89' lang='lat' dir='ltr'><strong>‘apud</strong></span> <span class='ocrx_word' id='word_1_31' title='bbox 1136 695 1351 780; x_wconf 74' lang='lat' dir='ltr'><strong>Pergamumk</strong></span> 
     </span>
     <span class='ocr_line' id='line_1_5' title="bbox 246 796 1351 882; baseline 0.001 -20"><span class='ocrx_word' id='word_1_32' title='bbox 246 796 444 881; x_wconf 86' lang='lat' dir='ltr'><strong>AEsculapii¹</strong></span> <span class='ocrx_word' id='word_1_33' title='bbox 458 805 659 882; x_wconf 69' lang='lat' dir='ltr'><strong>compertu</strong></span> <span class='ocrx_word' id='word_1_34' title='bbox 671 796 823 882; x_wconf 69' lang='lat' dir='ltr'><strong>asylum:</strong></span> <span class='ocrx_word' id='word_1_35' title='bbox 838 799 1036 877; x_wconf 88' lang='lat' dir='ltr'><strong>retulerunt;</strong></span> <span class='ocrx_word' id='word_1_36' title='bbox 1059 800 1070 831; x_wconf 92' lang='lat'>‘</span> <span class='ocrx_word' id='word_1_37' title='bbox 1085 803 1213 863; x_wconf 90' lang='lat' dir='ltr'><strong>ceteros</strong></span> <span class='ocrx_word' id='word_1_38' title='bbox 1228 801 1351 863; x_wconf 86' lang='lat' dir='ltr'><strong>obscu-</strong></span> 
     </span>
     <span class='ocr_line' id='line_1_6' title="bbox 247 898 1351 983; baseline 0.002 -21"><span class='ocrx_word' id='word_1_39' title='bbox 247 899 314 962; x_wconf 83' lang='lat' dir='ltr'><strong>ris¹¹¹</strong></span> <span class='ocrx_word' id='word_1_40' title='bbox 341 901 386 963; x_wconf 89' lang='lat' dir='ltr'><strong>ob</strong></span> <span class='ocrx_word' id='word_1_41' title='bbox 410 907 607 967; x_wconf 82' lang='lat' dir='ltr'><strong>vetttstatem</strong></span> <span class='ocrx_word' id='word_1_42' title='bbox 631 901 733 965; x_wconf 88' lang='lat' dir='ltr'><strong>initiis</strong></span> <span class='ocrx_word' id='word_1_43' title='bbox 754 901 833 965; x_wconf 85' lang='lat' dir='ltr'><strong>niti:</strong></span> <span class='ocrx_word' id='word_1_44' title='bbox 856 919 934 964; x_wconf 90' lang='lat' dir='ltr'><strong>nam</strong></span> <span class='ocrx_word' id='word_1_45' title='bbox 960 898 1164 983; x_wconf 66' lang='lat' dir='ltr'><strong>smyrnaeos</strong></span> <span class='ocrx_word' id='word_1_46' title='bbox 1178 902 1351 966; x_wconf 88' lang='lat' dir='ltr'><strong>oraculum</strong></span> 
     </span>
     <span class='ocr_line' id='line_1_7' title="bbox 247 999 1350 1087; baseline 0.002 -23"><span class='ocrx_word' id='word_1_47' title='bbox 247 999 440 1084; x_wconf 84' lang='lat' dir='ltr'><strong>Apollinis,⁰</strong></span> <span class='ocrx_word' id='word_1_48' title='bbox 454 1004 551 1087; x_wconf 89' lang='lat' dir='ltr'><strong>cujus</strong></span> <span class='ocrx_word' id='word_1_49' title='bbox 566 1004 704 1087; x_wconf 91' lang='lat' dir='ltr'><strong>imperio</strong></span> <span class='ocrx_word' id='word_1_50' title='bbox 719 1003 933 1067; x_wconf 79' lang='lat' dir='ltr'><strong>Stratonicidi</strong></span> <span class='ocrx_word' id='word_1_51' title='bbox 946 1002 1071 1066; x_wconf 83' lang='lat' dir='ltr'><strong>Veneri</strong></span> <span class='ocrx_word' id='word_1_52' title='bbox 1083 1003 1241 1087; x_wconf 84' lang='lat' dir='ltr'><strong>templum</strong></span> <span class='ocrx_word' id='word_1_53' title='bbox 1256 1002 1350 1066; x_wconf 88' lang='lat' dir='ltr'><strong>dica·</strong></span> 
     </span>
     <span class='ocr_line' id='line_1_8' title="bbox 248 1101 1352 1188; baseline 0.002 -23"><span class='ocrx_word' id='word_1_54' title='bbox 248 1104 371 1184; x_wconf 84' lang='lat' dir='ltr'><strong>verint3</strong></span> <span class='ocrx_word' id='word_1_55' title='bbox 393 1103 516 1168; x_wconf 88' lang='lat' dir='ltr'><strong>Tenios</strong></span> <span class='ocrx_word' id='word_1_56' title='bbox 530 1105 680 1188; x_wconf 84' lang='lat' dir='ltr'><strong>ejusdem</strong></span> <span class='ocrx_word' id='word_1_57' title='bbox 695 1112 840 1166; x_wconf 72' lang='lat' dir='ltr'><strong>cannenp</strong></span> <span class='ocrx_word' id='word_1_58' title='bbox 861 1103 992 1179; x_wconf 79' lang='lat' dir='ltr'><strong>reterre,</strong></span> <span class='ocrx_word' id='word_1_59' title='bbox 1016 1122 1084 1186; x_wconf 91' lang='lat' dir='ltr'><strong>quo</strong></span> <span class='ocrx_word' id='word_1_60' title='bbox 1105 1122 1239 1167; x_wconf 86' lang='lat' dir='ltr'><strong>sacrare</strong></span> <span class='ocrx_word' id='word_1_61' title='bbox 1256 1101 1352 1186; x_wconf 87' lang='lat' dir='ltr'><strong>Nep·</strong></span> 
     </span>
     <span class='ocr_line' id='line_1_9' title="bbox 248 1201 1351 1288; baseline 0.002 -22"><span class='ocrx_word' id='word_1_62' title='bbox 248 1205 318 1266; x_wconf 90' lang='lat' dir='ltr'><strong>tuni</strong></span> <span class='ocrx_word' id='word_1_63' title='bbox 347 1204 485 1287; x_wconf 85' lang='lat' dir='ltr'><strong>effigiem</strong></span> <span class='ocrx_word' id='word_1_64' title='bbox 511 1204 684 1288; x_wconf 87' lang='lat' dir='ltr'><strong>aedemqne</strong></span> <span class='ocrx_word' id='word_1_65' title='bbox 708 1203 797 1287; x_wconf 86' lang='lat' dir='ltr'><strong>jussi</strong></span> <span class='ocrx_word' id='word_1_66' title='bbox 828 1204 910 1268; x_wconf 86' lang='lat' dir='ltr'><strong>sint:</strong></span> <span class='ocrx_word' id='word_1_67' title='bbox 952 1203 1114 1286; x_wconf 88' lang='lat' dir='ltr'><strong>propiora</strong></span> <span class='ocrx_word' id='word_1_68' title='bbox 1143 1201 1351 1268; x_wconf 80' lang='lat' dir='ltr'><strong>Sardianos:</strong></span> 
     </span>
     <span class='ocr_line' id='line_1_10' title="bbox 249 1301 1352 1389; baseline 0.002 -22"><span class='ocrx_word' id='word_1_69' title='bbox 249 1301 431 1370; x_wconf 82' lang='lat' dir='ltr'><strong>Alexandri</strong></span> <span class='ocrx_word' id='word_1_70' title='bbox 468 1306 605 1371; x_wconf 84' lang='lat' dir='ltr'><strong>victoris</strong></span> <span class='ocrx_word' id='word_1_71' title='bbox 646 1306 680 1369; x_wconf 97' lang='lat' dir='ltr'><strong>id</strong></span> <span class='ocrx_word' id='word_1_72' title='bbox 720 1304 863 1370; x_wconf 88' lang='lat' dir='ltr'><strong>donum:</strong></span> <span class='ocrx_word' id='word_1_73' title='bbox 909 1325 1017 1389; x_wconf 87' lang='lat' dir='ltr'><strong>neque</strong></span> <span class='ocrx_word' id='word_1_74' title='bbox 1057 1305 1167 1367; x_wconf 89' lang='lat' dir='ltr'><strong>minus</strong></span> <span class='ocrx_word' id='word_1_75' title='bbox 1197 1304 1352 1369; x_wconf 84' lang='lat' dir='ltr'><strong>Milesios</strong></span> 
     </span>
    </p>
   </div>
   <div class='ocr_carea' id='block_1_3' title="bbox 248 1482 1354 1937">
    <p class='ocr_par' dir='ltr' id='par_1_3' title="bbox 248 1482 1354 1937">
     <span class='ocr_line' id='line_1_11' title="bbox 248 1482 1354 1548; baseline -0.001 -15"><span class='ocrx_word' id='word_1_76' title='bbox 248 1484 305 1533; x_wconf 89' lang='lat' dir='ltr'><strong>etsi</strong></span> <span class='ocrx_word' id='word_1_77' title='bbox 317 1497 368 1548; x_wconf 82' lang='lat' dir='ltr'><strong>qus</strong></span> <span class='ocrx_word' id='word_1_78' title='bbox 379 1482 449 1534; x_wconf 76' lang='lat' dir='ltr'><strong>fraus</strong></span> <span class='ocrx_word' id='word_1_79' title='bbox 460 1484 566 1547; x_wconf 85' lang='lat' dir='ltr'><strong>inesset,</strong></span> <span class='ocrx_word' id='word_1_80' title='bbox 576 1486 668 1534; x_wconf 89' lang='lat' dir='ltr'><strong>iterum</strong></span> <span class='ocrx_word' id='word_1_81' title='bbox 687 1498 742 1533; x_wconf 90' lang='lat' dir='ltr'><strong>rem</strong></span> <span class='ocrx_word' id='word_1_82' title='bbox 757 1483 898 1533; x_wconf 89' lang='lat' dir='ltr'><strong>indecisam</strong></span> <span class='ocrx_word' id='word_1_83' title='bbox 908 1484 941 1532; x_wconf 83' lang='lat' dir='ltr'><strong>ad</strong></span> <span class='ocrx_word' id='word_1_84' title='bbox 953 1483 1046 1534; x_wconf 83' lang='lat' dir='ltr'><strong>Patres</strong></span> <span class='ocrx_word' id='word_1_85' title='bbox 1065 1482 1203 1533; x_wconf 77' lang='lat' dir='ltr'><strong>referrent.</strong></span> <span class='ocrx_word' id='word_1_86' title='bbox 1240 1484 1354 1532; x_wconf 71' lang='lat' dir='ltr'><strong>ess-tes</strong></span> 
     </span>
     <span class='ocr_line' id='line_1_12' title="bbox 248 1547 1354 1612; baseline -0.002 -15"><span class='ocrx_word' id='word_1_87' title='bbox 248 1554 337 1611; x_wconf 73' lang='lat' dir='ltr'><strong>preter</strong></span> <span class='ocrx_word' id='word_1_88' title='bbox 347 1564 387 1597; x_wconf 80' lang='lat' dir='ltr'><strong>eus</strong></span> <span class='ocrx_word' id='word_1_89' title='bbox 397 1549 465 1598; x_wconf 81' lang='lat' dir='ltr'><strong>orbes</strong></span> <span class='ocrx_word' id='word_1_90' title='bbox 475 1565 534 1611; x_wconf 82' lang='lat' dir='ltr'><strong>pror</strong></span> <span class='ocrx_word' id='word_1_91' title='bbox 544 1551 625 1610; x_wconf 74' lang='lat' dir='ltr'><strong>retuli,</strong></span> <span class='ocrx_word' id='word_1_92' title='bbox 634 1549 840 1611; x_wconf 73' lang='lat' dir='ltr'><strong>renuntiauerant,</strong></span> <span class='ocrx_word' id='word_1_93' title='bbox 850 1547 920 1612; x_wconf 83' lang='lat' dir='ltr'><strong>apud</strong></span> <span class='ocrx_word' id='word_1_94' title='bbox 931 1548 1087 1612; x_wconf 75' lang='lat' dir='ltr'><strong>Pergamum</strong></span> <span class='ocrx_word' id='word_1_95' title='bbox 1099 1547 1240 1610; x_wconf 79' lang='lat' dir='ltr'><strong>AEscnlspii</strong></span> <span class='ocrx_word' id='word_1_96' title='bbox 1253 1555 1354 1596; x_wconf 84' lang='lat' dir='ltr'><strong>certum</strong></span> 
     </span>
     <span class='ocr_line' id='line_1_13' title="bbox 248 1611 1353 1677; baseline 0.001 -17"><span class='ocrx_word' id='word_1_97' title='bbox 248 1611 403 1676; x_wconf 82' lang='lat' dir='ltr'><strong>perfugium,</strong></span> <span class='ocrx_word' id='word_1_98' title='bbox 412 1627 456 1661; x_wconf 87' lang='lat' dir='ltr'><strong>seu</strong></span> <span class='ocrx_word' id='word_1_99' title='bbox 468 1620 609 1676; x_wconf 79' lang='lat' dir='ltr'><strong>compertae</strong></span> <span class='ocrx_word' id='word_1_100' title='bbox 622 1613 767 1662; x_wconf 68' lang='lat' dir='ltr'><strong>sanctitatis</strong></span> <span class='ocrx_word' id='word_1_101' title='bbox 783 1612 883 1676; x_wconf 81' lang='lat' dir='ltr'><strong>asylum</strong></span> <span class='ocrx_word' id='word_1_102' title='bbox 900 1627 964 1675; x_wconf 84' lang='lat' dir='ltr'><strong>esse,</strong></span> <span class='ocrx_word' id='word_1_103' title='bbox 981 1613 1092 1677; x_wconf 89' lang='lat' dir='ltr'><strong>reliquos</strong></span> <span class='ocrx_word' id='word_1_104' title='bbox 1108 1612 1215 1662; x_wconf 90' lang='lat' dir='ltr'><strong>incertis</strong></span> <span class='ocrx_word' id='word_1_105' title='bbox 1234 1611 1269 1660; x_wconf 89' lang='lat' dir='ltr'><strong>ob</strong></span> <span class='ocrx_word' id='word_1_106' title='bbox 1289 1612 1353 1661; x_wconf 86' lang='lat' dir='ltr'><strong>anti-</strong></span> 
     </span>
     <span class='ocr_line' id='line_1_14' title="bbox 248 1675 1353 1751; baseline 0 -26"><span class='ocrx_word' id='word_1_107' title='bbox 248 1675 372 1739; x_wconf 77' lang='lat' dir='ltr'><strong>quitatem</strong></span> <span class='ocrx_word' id='word_1_108' title='bbox 385 1677 517 1740; x_wconf 72' lang='lat' dir='ltr'><strong>principiis</strong></span> <span class='ocrx_word' id='word_1_109' title='bbox 528 1686 607 1726; x_wconf 84' lang='lat' dir='ltr'><strong>stare.</strong></span> <span class='ocrx_word' id='word_1_110' title='bbox 641 1678 746 1751; x_wconf 77' lang='lat' dir='ltr'><strong>Quippe</strong></span> <span class='ocrx_word' id='word_1_111' title='bbox 757 1677 903 1740; x_wconf 74' lang='lat' dir='ltr'><strong>Smyrnaeus</strong></span> <span class='ocrx_word' id='word_1_112' title='bbox 915 1691 1058 1726; x_wconf 83' lang='lat' dir='ltr'><strong>memorare</strong></span> <span class='ocrx_word' id='word_1_113' title='bbox 1070 1677 1201 1725; x_wconf 85' lang='lat' dir='ltr'><strong>oraculum</strong></span> <span class='ocrx_word' id='word_1_114' title='bbox 1215 1675 1353 1738; x_wconf 72' lang='lat' dir='ltr'><strong>Apollinis,</strong></span> 
     </span>
     <span class='ocr_line' id='line_1_15' title="bbox 249 1739 1353 1804; baseline 0.001 -17"><span class='ocrx_word' id='word_1_115' title='bbox 249 1740 324 1803; x_wconf 80' lang='lat' dir='ltr'><strong>cnjus</strong></span> <span class='ocrx_word' id='word_1_116' title='bbox 336 1740 409 1804; x_wconf 88' lang='lat' dir='ltr'><strong>jussu</strong></span> <span class='ocrx_word' id='word_1_117' title='bbox 426 1741 561 1790; x_wconf 79' lang='lat' dir='ltr'><strong>delubrum</strong></span> <span class='ocrx_word' id='word_1_118' title='bbox 572 1747 732 1791; x_wconf 79' lang='lat' dir='ltr'><strong>sacraverint</strong></span> <span class='ocrx_word' id='word_1_119' title='bbox 749 1740 920 1790; x_wconf 78' lang='lat' dir='ltr'><strong>Stratonicidi</strong></span> <span class='ocrx_word' id='word_1_120' title='bbox 932 1742 1043 1802; x_wconf 85' lang='lat' dir='ltr'><strong>Veneri;</strong></span> <span class='ocrx_word' id='word_1_121' title='bbox 1058 1742 1151 1790; x_wconf 80' lang='lat' dir='ltr'><strong>Tenios</strong></span> <span class='ocrx_word' id='word_1_122' title='bbox 1169 1739 1286 1803; x_wconf 84' lang='lat' dir='ltr'><strong>ejrrsdem</strong></span> <span class='ocrx_word' id='word_1_123' title='bbox 1303 1740 1353 1788; x_wconf 88' lang='lat' dir='ltr'><strong>Dei</strong></span> 
     </span>
     <span class='ocr_line' id='line_1_16' title="bbox 249 1804 1352 1869; baseline 0.001 -17"><span class='ocrx_word' id='word_1_124' title='bbox 249 1817 350 1853; x_wconf 84' lang='lat' dir='ltr'><strong>versum</strong></span> <span class='ocrx_word' id='word_1_125' title='bbox 361 1806 506 1867; x_wconf 87' lang='lat' dir='ltr'><strong>celebrare,</strong></span> <span class='ocrx_word' id='word_1_126' title='bbox 517 1820 568 1869; x_wconf 88' lang='lat' dir='ltr'><strong>quo</strong></span> <span class='ocrx_word' id='word_1_127' title='bbox 578 1806 670 1854; x_wconf 88' lang='lat' dir='ltr'><strong>moniti</strong></span> <span class='ocrx_word' id='word_1_128' title='bbox 680 1806 741 1867; x_wconf 90' lang='lat' dir='ltr'><strong>sint,</strong></span> <span class='ocrx_word' id='word_1_129' title='bbox 758 1804 845 1854; x_wconf 79' lang='lat' dir='ltr'><strong>dicare</strong></span> <span class='ocrx_word' id='word_1_130' title='bbox 862 1805 1000 1867; x_wconf 73' lang='lat' dir='ltr'><strong>imaginem</strong></span> <span class='ocrx_word' id='word_1_131' title='bbox 1013 1804 1141 1868; x_wconf 88' lang='lat' dir='ltr'><strong>Neptuni,</strong></span> <span class='ocrx_word' id='word_1_132' title='bbox 1158 1805 1352 1869; x_wconf 84' lang='lat' dir='ltr'><strong>templumque:</strong></span> 
     </span>
     <span class='ocr_line' id='line_1_17' title="bbox 249 1868 1352 1937; baseline 0.002 -22"><span class='ocrx_word' id='word_1_133' title='bbox 249 1868 395 1918; x_wconf 83' lang='lat' dir='ltr'><strong>recentiora</strong></span> <span class='ocrx_word' id='word_1_134' title='bbox 405 1868 557 1929; x_wconf 65' lang='lat' dir='ltr'><strong>Sardianon</strong></span> <span class='ocrx_word' id='word_1_135' title='bbox 574 1868 716 1920; x_wconf 79' lang='lat' dir='ltr'><strong>Alexandri</strong></span> <span class='ocrx_word' id='word_1_136' title='bbox 734 1869 825 1931; x_wconf 87' lang='lat' dir='ltr'><strong>Magni</strong></span> <span class='ocrx_word' id='word_1_137' title='bbox 845 1870 870 1920; x_wconf 87' lang='lat' dir='ltr'><strong>id</strong></span> <span class='ocrx_word' id='word_1_138' title='bbox 887 1884 978 1919; x_wconf 88' lang='lat' dir='ltr'><strong>munus</strong></span> <span class='ocrx_word' id='word_1_139' title='bbox 990 1883 1057 1937; x_wconf 82' lang='lat' dir='ltr'><strong>esse,</strong></span> <span class='ocrx_word' id='word_1_140' title='bbox 1072 1884 1121 1919; x_wconf 85' lang='lat' dir='ltr'><strong>nec</strong></span> <span class='ocrx_word' id='word_1_141' title='bbox 1132 1869 1216 1917; x_wconf 89' lang='lat' dir='ltr'><strong>minus</strong></span> <span class='ocrx_word' id='word_1_142' title='bbox 1235 1869 1352 1918; x_wconf 78' lang='lat' dir='ltr'><strong>Milesius</strong></span> 
     </span>
    </p>
   </div>
   <div class='ocr_carea' id='block_1_4' title="bbox 749 2005 855 2057">
    <p class='ocr_par' dir='ltr' id='par_1_4' title="bbox 749 2005 855 2057">
     <span class='ocr_line' id='line_1_18' title="bbox 749 2005 855 2057; baseline -0.009 0"><span class='ocrx_word' id='word_1_143' title='bbox 749 2005 855 2057; x_wconf 77' lang='lat' dir='ltr'>NOTAE</span> 
     </span>
    </p>
   </div>
   <div class='ocr_carea' id='block_1_5' title="bbox 243 2109 1354 2716">
    <p class='ocr_par' dir='ltr' id='par_1_5' title="bbox 243 2109 1354 2716">
     <span class='ocr_line' id='line_1_19' title="bbox 249 2109 1352 2187; baseline 0 -19"><span class='ocrx_word' id='word_1_144' title='bbox 249 2127 350 2183; x_wconf 80' lang='lat' dir='ltr'><strong>ceptus,</strong></span> <span class='ocrx_word' id='word_1_145' title='bbox 358 2119 383 2169; x_wconf 88' lang='lat' dir='ltr'><strong>in</strong></span> <span class='ocrx_word' id='word_1_146' title='bbox 395 2122 498 2171; x_wconf 81' lang='lat' dir='ltr'><strong>exilium</strong></span> <span class='ocrx_word' id='word_1_147' title='bbox 508 2123 545 2171; x_wconf 89' lang='lat' dir='ltr'><strong>ire</strong></span> <span class='ocrx_word' id='word_1_148' title='bbox 556 2109 702 2187; x_wconf 76' lang='lat' dir='ltr'><strong>cogeretur,</strong></span> <span class='ocrx_word' id='word_1_149' title='bbox 713 2130 740 2172; x_wconf 91' lang='lat' dir='ltr'><strong>et</strong></span> <span class='ocrx_word' id='word_1_150' title='bbox 751 2123 778 2171; x_wconf 90' lang='lat' dir='ltr'><strong>in</strong></span> <span class='ocrx_word' id='word_1_151' title='bbox 818 2128 874 2171; x_wconf 90' lang='lat' dir='ltr'><strong>tum</strong></span> <span class='ocrx_word' id='word_1_152' title='bbox 884 2135 954 2181; x_wconf 85' lang='lat' dir='ltr'><strong>esse;</strong></span> <span class='ocrx_word' id='word_1_153' title='bbox 972 2121 1048 2170; x_wconf 86' lang='lat' dir='ltr'><strong>immo</strong></span> <span class='ocrx_word' id='word_1_154' title='bbox 1062 2125 1136 2184; x_wconf 84' lang='lat' dir='ltr'><strong>patet</strong></span> <span class='ocrx_word' id='word_1_155' title='bbox 1156 2118 1219 2169; x_wconf 86' lang='lat' dir='ltr'><strong>istas</strong></span> <span class='ocrx_word' id='word_1_156' title='bbox 1231 2117 1352 2168; x_wconf 78' lang='lat' dir='ltr'><strong>civitates</strong></span> 
     </span>
     <span class='ocr_line' id='line_1_20' title="bbox 249 2188 1354 2262; baseline -0.001 -18"><span class='ocrx_word' id='word_1_157' title='bbox 249 2193 365 2258; x_wconf 82' lang='lat' dir='ltr'><strong>Cyprum</strong></span> <span class='ocrx_word' id='word_1_158' title='bbox 377 2211 405 2244; x_wconf 91' lang='lat' dir='ltr'><strong>se</strong></span> <span class='ocrx_word' id='word_1_159' title='bbox 416 2198 574 2262; x_wconf 87' lang='lat' dir='ltr'><strong>contulisset,</strong></span> <span class='ocrx_word' id='word_1_160' title='bbox 581 2199 705 2261; x_wconf 89' lang='lat' dir='ltr'><strong>templum</strong></span> <span class='ocrx_word' id='word_1_161' title='bbox 716 2197 779 2248; x_wconf 83' lang='lat' dir='ltr'><strong>Jori</strong></span> <span class='ocrx_word' id='word_1_162' title='bbox 818 2211 896 2259; x_wconf 89' lang='lat' dir='ltr'><strong>supra</strong></span> <span class='ocrx_word' id='word_1_163' title='bbox 908 2196 992 2245; x_wconf 83' lang='lat' dir='ltr'><strong>dictas</strong></span> <span class='ocrx_word' id='word_1_164' title='bbox 1001 2188 1134 2259; x_wconf 78' lang='lat' dir='ltr'><strong>Ephesios,</strong></span> <span class='ocrx_word' id='word_1_165' title='bbox 1152 2198 1302 2257; x_wconf 77' lang='lat' dir='ltr'><strong>Magnetes,</strong></span> <span class='ocrx_word' id='word_1_166' title='bbox 1319 2194 1354 2243; x_wconf 79' lang='lat' dir='ltr'><strong>A·</strong></span> 
     </span>
     <span class='ocr_line' id='line_1_21' title="bbox 248 2269 1353 2336; baseline 0.001 -19"><span class='ocrx_word' id='word_1_167' title='bbox 248 2269 385 2319; x_wconf 82' lang='lat' dir='ltr'><strong>Salaminio</strong></span> <span class='ocrx_word' id='word_1_168' title='bbox 396 2286 428 2319; x_wconf 85' lang='lat' dir='ltr'><strong>ex</strong></span> <span class='ocrx_word' id='word_1_169' title='bbox 441 2275 531 2335; x_wconf 71' lang='lat' dir='ltr'><strong>patrie</strong></span> <span class='ocrx_word' id='word_1_170' title='bbox 544 2289 595 2323; x_wconf 75' lang='lat' dir='ltr'><strong>aua</strong></span> <span class='ocrx_word' id='word_1_171' title='bbox 606 2274 730 2324; x_wconf 85' lang='lat' dir='ltr'><strong>vocabulo</strong></span> <span class='ocrx_word' id='word_1_172' title='bbox 740 2273 778 2323; x_wconf 83' lang='lat' dir='ltr'><strong>sic</strong></span> <span class='ocrx_word' id='word_1_173' title='bbox 820 2270 1019 2336; x_wconf 83' lang='lat' dir='ltr'><strong>phrodisienses,</strong></span> <span class='ocrx_word' id='word_1_174' title='bbox 1038 2274 1087 2319; x_wconf 68' lang='lat' dir='ltr'><strong>dcc.</strong></span> <span class='ocrx_word' id='word_1_175' title='bbox 1106 2270 1263 2331; x_wconf 80' lang='lat' dir='ltr'><strong>obtinuisse,</strong></span> <span class='ocrx_word' id='word_1_176' title='bbox 1274 2269 1353 2318; x_wconf 81' lang='lat' dir='ltr'><strong>etiam</strong></span> 
     </span>
     <span class='ocr_line' id='line_1_22' title="bbox 249 2344 1353 2410; baseline -0.001 -18"><span class='ocrx_word' id='word_1_177' title='bbox 249 2345 428 2409; x_wconf 84' lang='lat' dir='ltr'><strong>cognominato</strong></span> <span class='ocrx_word' id='word_1_178' title='bbox 439 2349 579 2398; x_wconf 84' lang='lat' dir='ltr'><strong>statuisset.</strong></span> <span class='ocrx_word' id='word_1_179' title='bbox 819 2360 873 2405; x_wconf 89' lang='lat' dir='ltr'><strong>eos,</strong></span> <span class='ocrx_word' id='word_1_180' title='bbox 892 2346 934 2409; x_wconf 90' lang='lat' dir='ltr'><strong>qui</strong></span> <span class='ocrx_word' id='word_1_181' title='bbox 952 2352 1043 2410; x_wconf 84' lang='lat' dir='ltr'><strong>postea</strong></span> <span class='ocrx_word' id='word_1_182' title='bbox 1061 2352 1245 2405; x_wconf 82' lang='lat' dir='ltr'><strong>memorantur,</strong></span> <span class='ocrx_word' id='word_1_183' title='bbox 1266 2344 1353 2407; x_wconf 77' lang='lat' dir='ltr'><strong>Smyr·</strong></span> 
     </span>
     <span class='ocr_line' id='line_1_23' title="bbox 279 2416 1352 2485; baseline -0.001 -18"><span class='ocrx_word' id='word_1_184' title='bbox 279 2416 288 2461; x_wconf 80' lang='lat' dir='ltr'><strong>l</strong></span> <span class='ocrx_word' id='word_1_185' title='bbox 308 2419 341 2468; x_wconf 86' lang='lat' dir='ltr'><strong>Ut</strong></span> <span class='ocrx_word' id='word_1_186' title='bbox 358 2421 490 2485; x_wconf 82' lang='lat' dir='ltr'><strong>perspectu]</strong></span> <span class='ocrx_word' id='word_1_187' title='bbox 505 2423 558 2471; x_wconf 87' lang='lat' dir='ltr'><strong>Sed</strong></span> <span class='ocrx_word' id='word_1_188' title='bbox 573 2423 718 2472; x_wconf 84' lang='lat' dir='ltr'><strong>consulibus</strong></span> <span class='ocrx_word' id='word_1_189' title='bbox 735 2424 779 2474; x_wconf 90' lang='lat' dir='ltr'><strong>de·</strong></span> <span class='ocrx_word' id='word_1_190' title='bbox 819 2436 898 2482; x_wconf 73' lang='lat' dir='ltr'><strong>nnus,</strong></span> <span class='ocrx_word' id='word_1_191' title='bbox 915 2422 1015 2480; x_wconf 82' lang='lat' dir='ltr'><strong>Tenios,</strong></span> <span class='ocrx_word' id='word_1_192' title='bbox 1033 2421 1184 2479; x_wconf 82' lang='lat' dir='ltr'><strong>Sardianos3</strong></span> <span class='ocrx_word' id='word_1_193' title='bbox 1210 2420 1303 2467; x_wconf 82' lang='lat' dir='ltr'><strong>saltem</strong></span> <span class='ocrx_word' id='word_1_194' title='bbox 1320 2433 1352 2467; x_wconf 82' lang='lat' dir='ltr'><strong>ex</strong></span> 
     </span>
     <span class='ocr_line' id='line_1_24' title="bbox 249 2493 1352 2563; baseline -0.001 -20"><span class='ocrx_word' id='word_1_195' title='bbox 249 2493 345 2545; x_wconf 89' lang='lat' dir='ltr'><strong>derunt</strong></span> <span class='ocrx_word' id='word_1_196' title='bbox 355 2497 495 2559; x_wconf 77' lang='lat' dir='ltr'><strong>negotium,</strong></span> <span class='ocrx_word' id='word_1_197' title='bbox 511 2506 541 2547; x_wconf 93' lang='lat' dir='ltr'><strong>ut</strong></span> <span class='ocrx_word' id='word_1_198' title='bbox 558 2496 607 2563; x_wconf 90' lang='lat' dir='ltr'><strong>ipsi</strong></span> <span class='ocrx_word' id='word_1_199' title='bbox 622 2499 724 2563; x_wconf 83' lang='lat' dir='ltr'><strong>quidem</strong></span> <span class='ocrx_word' id='word_1_200' title='bbox 736 2513 780 2548; x_wconf 91' lang='lat' dir='ltr'><strong>cu·</strong></span> <span class='ocrx_word' id='word_1_201' title='bbox 819 2506 939 2562; x_wconf 71' lang='lat' dir='ltr'><strong>perteret</strong></span> <span class='ocrx_word' id='word_1_202' title='bbox 950 2498 987 2547; x_wconf 84' lang='lat' dir='ltr'><strong>ita</strong></span> <span class='ocrx_word' id='word_1_203' title='bbox 998 2506 1027 2546; x_wconf 91' lang='lat' dir='ltr'><strong>ut</strong></span> <span class='ocrx_word' id='word_1_204' title='bbox 1039 2498 1115 2561; x_wconf 82' lang='lat' dir='ltr'><strong>asylis</strong></span> <span class='ocrx_word' id='word_1_205' title='bbox 1124 2494 1214 2545; x_wconf 87' lang='lat' dir='ltr'><strong>modus</strong></span> <span class='ocrx_word' id='word_1_206' title='bbox 1223 2494 1352 2543; x_wconf 81' lang='lat' dir='ltr'><strong>adhibitus</strong></span> 
     </span>
     <span class='ocr_line' id='line_1_25' title="bbox 243 2569 1352 2639; baseline -0.001 -19"><span class='ocrx_word' id='word_1_207' title='bbox 243 2570 339 2635; x_wconf 85' lang='lat' dir='ltr'><strong>jusque</strong></span> <span class='ocrx_word' id='word_1_208' title='bbox 358 2573 441 2635; x_wconf 86' lang='lat' dir='ltr'><strong>gentis</strong></span> <span class='ocrx_word' id='word_1_209' title='bbox 461 2589 563 2623; x_wconf 81' lang='lat' dir='ltr'><strong>causatu</strong></span> <span class='ocrx_word' id='word_1_210' title='bbox 582 2582 780 2636; x_wconf 77' lang='lat' dir='ltr'><strong>cognoscerent,</strong></span> <span class='ocrx_word' id='word_1_211' title='bbox 819 2574 944 2639; x_wconf 82' lang='lat' dir='ltr'><strong>sitquosd</strong></span> <span class='ocrx_word' id='word_1_212' title='bbox 954 2576 1019 2635; x_wconf 86' lang='lat' dir='ltr'><strong>loca,</strong></span> <span class='ocrx_word' id='word_1_213' title='bbox 1030 2573 1114 2638; x_wconf 82' lang='lat' dir='ltr'><strong>quoad</strong></span> <span class='ocrx_word' id='word_1_214' title='bbox 1126 2585 1259 2636; x_wconf 80' lang='lat' dir='ltr'><strong>personas,</strong></span> <span class='ocrx_word' id='word_1_215' title='bbox 1268 2569 1352 2634; x_wconf 82' lang='lat' dir='ltr'><strong>quoad</strong></span> 
     </span>
     <span class='ocr_line' id='line_1_26' title="bbox 250 2649 1279 2716; baseline 0.002 -21"><span class='ocrx_word' id='word_1_216' title='bbox 250 2654 335 2697; x_wconf 91' lang='lat' dir='ltr'><strong>utrum</strong></span> <span class='ocrx_word' id='word_1_217' title='bbox 350 2650 411 2711; x_wconf 87' lang='lat' dir='ltr'><strong>jure</strong></span> <span class='ocrx_word' id='word_1_218' title='bbox 423 2665 455 2699; x_wconf 87' lang='lat' dir='ltr'><strong>an</strong></span> <span class='ocrx_word' id='word_1_219' title='bbox 476 2651 570 2713; x_wconf 86' lang='lat' dir='ltr'><strong>injuria</strong></span> <span class='ocrx_word' id='word_1_220' title='bbox 578 2650 604 2698; x_wconf 91' lang='lat' dir='ltr'><strong>id</strong></span> <span class='ocrx_word' id='word_1_221' title='bbox 618 2651 779 2714; x_wconf 84' lang='lat' dir='ltr'><strong>privilegium</strong></span> <span class='ocrx_word' id='word_1_222' title='bbox 820 2660 931 2715; x_wconf 86' lang='lat' dir='ltr'><strong>ternpus,</strong></span> <span class='ocrx_word' id='word_1_223' title='bbox 942 2658 969 2700; x_wconf 86' lang='lat' dir='ltr'><strong>et</strong></span> <span class='ocrx_word' id='word_1_224' title='bbox 981 2650 1064 2716; x_wconf 86' lang='lat' dir='ltr'><strong>quoad</strong></span> <span class='ocrx_word' id='word_1_225' title='bbox 1075 2649 1139 2698; x_wconf 87' lang='lat' dir='ltr'><strong>fines</strong></span> <span class='ocrx_word' id='word_1_226' title='bbox 1153 2652 1279 2698; x_wconf 87' lang='lat' dir='ltr'><strong>locorum.</strong></span> 
     </span>
    </p>
   </div>
   <div class='ocr_carea' id='block_1_6' title="bbox 159 2722 1353 2792">
    <p class='ocr_par' dir='ltr' id='par_1_6' title="bbox 159 2722 1353 2792">
     <span class='ocr_line' id='line_1_27' title="bbox 159 2722 1353 2792; baseline 0.005 -25"><span class='ocrx_word' id='word_1_227' title='bbox 159 2754 168 2767; x_wconf 84' lang='grc'><em>,</em></span> <span class='ocrx_word' id='word_1_228' title='bbox 247 2722 297 2770; x_wconf 82' lang='lat' dir='ltr'><strong>sibi</strong></span> <span class='ocrx_word' id='word_1_229' title='bbox 314 2722 483 2782; x_wconf 83' lang='lat' dir='ltr'><strong>vindicarent,</strong></span> <span class='ocrx_word' id='word_1_230' title='bbox 501 2725 562 2772; x_wconf 84' lang='lat' dir='ltr'><strong>nihil</strong></span> <span class='ocrx_word' id='word_1_231' title='bbox 579 2730 664 2773; x_wconf 87' lang='lat' dir='ltr'><strong>tamen</strong></span> <span class='ocrx_word' id='word_1_232' title='bbox 682 2732 778 2774; x_wconf 88' lang='lat' dir='ltr'><strong>statue·</strong></span> <span class='ocrx_word' id='word_1_233' title='bbox 852 2726 1023 2792; x_wconf 62' lang='lat' dir='ltr'><strong>esayam]</strong></span> <span class='ocrx_word' id='word_1_234' title='bbox 1047 2727 1155 2789; x_wconf 82' lang='lat' dir='ltr'><strong>Smyrna</strong></span> <span class='ocrx_word' id='word_1_235' title='bbox 1167 2725 1229 2774; x_wconf 91' lang='lat' dir='ltr'><strong>urbs</strong></span> <span class='ocrx_word' id='word_1_236' title='bbox 1245 2723 1353 2773; x_wconf 79' lang='lat' dir='ltr'><strong>Arehie-</strong></span> 
     </span>
    </p>
   </div>
   <div class='ocr_carea' id='block_1_7' title="bbox 244 2797 1355 4236">
    <p class='ocr_par' dir='ltr' id='par_1_7' title="bbox 244 2797 1355 4236">
     <span class='ocr_line' id='line_1_28' title="bbox 248 2797 1353 2866; baseline 0.003 -22"><span class='ocrx_word' id='word_1_237' title='bbox 248 2804 316 2855; x_wconf 87' lang='lat' dir='ltr'><strong>rent,</strong></span> <span class='ocrx_word' id='word_1_238' title='bbox 335 2797 379 2845; x_wconf 85' lang='lat' dir='ltr'><strong>sed</strong></span> <span class='ocrx_word' id='word_1_239' title='bbox 398 2813 450 2847; x_wconf 89' lang='lat' dir='ltr'><strong>reru</strong></span> <span class='ocrx_word' id='word_1_240' title='bbox 463 2800 590 2861; x_wconf 80' lang='lat' dir='ltr'><strong>integrum</strong></span> <span class='ocrx_word' id='word_1_241' title='bbox 609 2798 641 2848; x_wconf 87' lang='lat' dir='ltr'><strong>ad</strong></span> <span class='ocrx_word' id='word_1_242' title='bbox 660 2808 778 2850; x_wconf 83' lang='lat' dir='ltr'><strong>senatum</strong></span> <span class='ocrx_word' id='word_1_243' title='bbox 820 2803 920 2866; x_wconf 85' lang='lat' dir='ltr'><strong>piscop.</strong></span> <span class='ocrx_word' id='word_1_244' title='bbox 931 2802 1012 2850; x_wconf 82' lang='lat' dir='ltr'><strong>Ioniae</strong></span> <span class='ocrx_word' id='word_1_245' title='bbox 1029 2801 1162 2849; x_wconf 79' lang='lat' dir='ltr'><strong>ruaritimae</strong></span> <span class='ocrx_word' id='word_1_246' title='bbox 1180 2799 1267 2848; x_wconf 90' lang='lat' dir='ltr'><strong>Hodie</strong></span> <span class='ocrx_word' id='word_1_247' title='bbox 1279 2800 1353 2862; x_wconf 89' lang='lat' dir='ltr'><strong>regni</strong></span> 
     </span>
     <span class='ocr_line' id='line_1_29' title="bbox 249 2871 1355 2944; baseline 0 -19"><span class='ocrx_word' id='word_1_248' title='bbox 249 2871 387 2925; x_wconf 80' lang='lat' dir='ltr'><strong>referrent.</strong></span> <span class='ocrx_word' id='word_1_249' title='bbox 421 2874 530 2924; x_wconf 73' lang='lat' dir='ltr'><strong>Fretun</strong></span> <span class='ocrx_word' id='word_1_250' title='bbox 819 2881 1109 2944; x_wconf 78' lang='lat' dir='ltr'><strong>primaria,etSatrapae</strong></span> <span class='ocrx_word' id='word_1_251' title='bbox 1118 2876 1355 2926; x_wconf 85' lang='lat' dir='ltr'><strong>ancarumsedes.</strong></span> 
     </span>
     <span class='ocr_line' id='line_1_30' title="bbox 280 2949 1353 3018; baseline 0.002 -20"><span class='ocrx_word' id='word_1_252' title='bbox 280 2951 319 2998; x_wconf 92' lang='lat' dir='ltr'><strong>Ut</strong></span> <span class='ocrx_word' id='word_1_253' title='bbox 329 2964 421 3013; x_wconf 86' lang='lat' dir='ltr'><strong>nempe</strong></span> <span class='ocrx_word' id='word_1_254' title='bbox 434 2966 487 2999; x_wconf 90' lang='lat' dir='ltr'><strong>rem</strong></span> <span class='ocrx_word' id='word_1_255' title='bbox 499 2953 625 3014; x_wconf 84' lang='lat' dir='ltr'><strong>integram</strong></span> <span class='ocrx_word' id='word_1_256' title='bbox 643 2949 780 3016; x_wconf 82' lang='lat' dir='ltr'><strong>referrent,</strong></span> <span class='ocrx_word' id='word_1_257' title='bbox 851 2964 863 2989; x_wconf 83' lang='lat'>⁰</span> <span class='ocrx_word' id='word_1_258' title='bbox 882 2957 1008 3005; x_wconf 77' lang='lat' dir='ltr'><strong>Graculum</strong></span> <span class='ocrx_word' id='word_1_259' title='bbox 1018 2954 1145 3018; x_wconf 77' lang='lat' dir='ltr'><strong>Apollinis]</strong></span> <span class='ocrx_word' id='word_1_260' title='bbox 1161 2952 1274 3002; x_wconf 76' lang='lat' dir='ltr'><strong>Aristot.</strong></span> <span class='ocrx_word' id='word_1_261' title='bbox 1286 2954 1353 3001; x_wconf 77' lang='lat' dir='ltr'><strong>utre·</strong></span> 
     </span>
     <span class='ocr_line' id='line_1_31' title="bbox 248 3025 1353 3092; baseline 0.004 -19"><span class='ocrx_word' id='word_1_262' title='bbox 248 3025 358 3087; x_wconf 87' lang='lat' dir='ltr'><strong>senatui,</strong></span> <span class='ocrx_word' id='word_1_263' title='bbox 374 3032 510 3090; x_wconf 84' lang='lat' dir='ltr'><strong>postquam</strong></span> <span class='ocrx_word' id='word_1_264' title='bbox 532 3027 735 3090; x_wconf 86' lang='lat' dir='ltr'><strong>perspexissent,</strong></span> <span class='ocrx_word' id='word_1_265' title='bbox 747 3042 779 3075; x_wconf 86' lang='lat' dir='ltr'><strong>au</strong></span> <span class='ocrx_word' id='word_1_266' title='bbox 821 3040 870 3083; x_wconf 77' lang='lat' dir='ltr'><strong>tor,</strong></span> <span class='ocrx_word' id='word_1_267' title='bbox 889 3033 951 3081; x_wconf 84' lang='lat' dir='ltr'><strong>‘De</strong></span> <span class='ocrx_word' id='word_1_268' title='bbox 980 3030 1073 3080; x_wconf 83' lang='lat' dir='ltr'><strong>futuris</strong></span> <span class='ocrx_word' id='word_1_269' title='bbox 1094 3030 1172 3079; x_wconf 87' lang='lat' dir='ltr'><strong>etiarn</strong></span> <span class='ocrx_word' id='word_1_270' title='bbox 1195 3029 1353 3092; x_wconf 77' lang='lat' dir='ltr'><strong>interpretes</strong></span> 
     </span>
     <span class='ocr_line' id='line_1_32' title="bbox 244 3103 1353 3167; baseline 0.001 -16"><span class='ocrx_word' id='word_1_271' title='bbox 244 3103 289 3167; x_wconf 90' lang='lat' dir='ltr'><strong>jus</strong></span> <span class='ocrx_word' id='word_1_272' title='bbox 300 3103 424 3153; x_wconf 79' lang='lat' dir='ltr'><strong>haberent</strong></span> <span class='ocrx_word' id='word_1_273' title='bbox 437 3104 482 3167; x_wconf 90' lang='lat' dir='ltr'><strong>illi,</strong></span> <span class='ocrx_word' id='word_1_274' title='bbox 492 3118 524 3153; x_wconf 87' lang='lat' dir='ltr'><strong>an</strong></span> <span class='ocrx_word' id='word_1_275' title='bbox 537 3118 598 3152; x_wconf 82' lang='lat' dir='ltr'><strong>vero</strong></span> <span class='ocrx_word' id='word_1_276' title='bbox 610 3104 705 3167; x_wconf 86' lang='lat' dir='ltr'><strong>injuste</strong></span> <span class='ocrx_word' id='word_1_277' title='bbox 716 3104 780 3155; x_wconf 80' lang='lat' dir='ltr'><strong>tatia</strong></span> <span class='ocrx_word' id='word_1_278' title='bbox 820 3109 991 3167; x_wconf 87' lang='lat' dir='ltr'><strong>oraculorum,</strong></span> <span class='ocrx_word' id='word_1_279' title='bbox 1003 3114 1032 3155; x_wconf 91' lang='lat' dir='ltr'><strong>nt</strong></span> <span class='ocrx_word' id='word_1_280' title='bbox 1047 3105 1231 3154; x_wconf 73' lang='lat' dir='ltr'><strong>&#39;llremistocles</strong></span> <span class='ocrx_word' id='word_1_281' title='bbox 1245 3103 1353 3152; x_wconf 83' lang='lat' dir='ltr'><strong>naribus</strong></span> 
     </span>
     <span class='ocr_line' id='line_1_33' title="bbox 249 3180 1353 3249; baseline 0.003 -23"><span class='ocrx_word' id='word_1_282' title='bbox 249 3187 424 3242; x_wconf 71' lang='lat' dir='ltr'><strong>usurpassent</strong></span> <span class='ocrx_word' id='word_1_283' title='bbox 625 3200 630 3208; x_wconf 57' lang='grc'><strong>“</strong></span> <span class='ocrx_word' id='word_1_284' title='bbox 820 3184 985 3249; x_wconf 84' lang='lat' dir='ltr'><strong>pugnandum</strong></span> <span class='ocrx_word' id='word_1_285' title='bbox 997 3197 1063 3247; x_wconf 85' lang='lat' dir='ltr'><strong>esse,</strong></span> <span class='ocrx_word' id='word_1_286' title='bbox 1083 3182 1195 3244; x_wconf 78' lang='lat' dir='ltr'><strong>lignenm</strong></span> <span class='ocrx_word' id='word_1_287' title='bbox 1208 3180 1353 3243; x_wconf 83' lang='lat' dir='ltr'><strong>significare</strong></span> 
     </span>
     <span class='ocr_line' id='line_1_34' title="bbox 281 3254 1354 3322; baseline -0.001 -18"><span class='ocrx_word' id='word_1_288' title='bbox 281 3254 292 3289; x_wconf 55' lang='grc' dir='ltr'><strong>ἱ</strong></span> <span class='ocrx_word' id='word_1_289' title='bbox 309 3255 464 3320; x_wconf 80' lang='lat' dir='ltr'><strong>Pergamum]</strong></span> <span class='ocrx_word' id='word_1_290' title='bbox 482 3257 636 3320; x_wconf 85' lang='lat' dir='ltr'><strong>Pergamum</strong></span> <span class='ocrx_word' id='word_1_291' title='bbox 647 3257 709 3304; x_wconf 91' lang='lat' dir='ltr'><strong>urbs</strong></span> <span class='ocrx_word' id='word_1_292' title='bbox 721 3255 779 3319; x_wconf 84' lang='lat' dir='ltr'><strong>My·</strong></span> <span class='ocrx_word' id='word_1_293' title='bbox 819 3259 935 3310; x_wconf 83' lang='lat' dir='ltr'><strong>murum&#39;</strong></span> <span class='ocrx_word' id='word_1_294' title='bbox 955 3258 1092 3322; x_wconf 72' lang='lat' dir='ltr'><strong>pravidit:</strong></span> <span class='ocrx_word' id='word_1_295' title='bbox 1111 3257 1149 3306; x_wconf 84' lang='lat' dir='ltr'><strong>ita</strong></span> <span class='ocrx_word' id='word_1_296' title='bbox 1167 3263 1195 3306; x_wconf 87' lang='lat' dir='ltr'><strong>et</strong></span> <span class='ocrx_word' id='word_1_297' title='bbox 1206 3262 1354 3305; x_wconf 79' lang='lat' dir='ltr'><strong>contruser-</strong></span> 
     </span>
     <span class='ocr_line' id='line_1_35' title="bbox 248 3330 1353 3400; baseline 0 -20"><span class='ocrx_word' id='word_1_298' title='bbox 248 3331 293 3381; x_wconf 82' lang='lat' dir='ltr'><strong>site</strong></span> <span class='ocrx_word' id='word_1_299' title='bbox 315 3333 423 3395; x_wconf 86' lang='lat' dir='ltr'><strong>Majoris</strong></span> <span class='ocrx_word' id='word_1_300' title='bbox 443 3332 474 3381; x_wconf 91' lang='lat' dir='ltr'><strong>ad</strong></span> <span class='ocrx_word' id='word_1_301' title='bbox 496 3333 600 3382; x_wconf 83' lang='lat' dir='ltr'><strong>Caicum</strong></span> <span class='ocrx_word' id='word_1_302' title='bbox 618 3330 733 3393; x_wconf 87' lang='lat' dir='ltr'><strong>fluvium,</strong></span> <span class='ocrx_word' id='word_1_303' title='bbox 751 3331 778 3380; x_wconf 90' lang='lat' dir='ltr'><strong>in</strong></span> <span class='ocrx_word' id='word_1_304' title='bbox 818 3337 863 3386; x_wconf 81' lang='lat' dir='ltr'><strong>siae</strong></span> <span class='ocrx_word' id='word_1_305' title='bbox 881 3351 913 3386; x_wconf 87' lang='lat' dir='ltr'><strong>cx</strong></span> <span class='ocrx_word' id='word_1_306' title='bbox 927 3335 1019 3400; x_wconf 82' lang='lat' dir='ltr'><strong>priscis</strong></span> <span class='ocrx_word' id='word_1_307' title='bbox 1030 3335 1127 3383; x_wconf 87' lang='lat' dir='ltr'><strong>oraculi</strong></span> <span class='ocrx_word' id='word_1_308' title='bbox 1139 3333 1256 3382; x_wconf 87' lang='lat' dir='ltr'><strong>versibus</strong></span> <span class='ocrx_word' id='word_1_309' title='bbox 1265 3331 1353 3381; x_wconf 88' lang='lat' dir='ltr'><strong>dirimi</strong></span> 
     </span>
     <span class='ocr_line' id='line_1_36' title="bbox 247 3405 935 3477; baseline 0.01 -23"><span class='ocrx_word' id='word_1_310' title='bbox 247 3405 311 3455; x_wconf 78' lang='lat' dir='ltr'><strong>Asia</strong></span> <span class='ocrx_word' id='word_1_311' title='bbox 329 3407 448 3455; x_wconf 87' lang='lat' dir='ltr'><strong>Minore:</strong></span> <span class='ocrx_word' id='word_1_312' title='bbox 472 3407 547 3457; x_wconf 83' lang='lat' dir='ltr'><strong>hodie</strong></span> <span class='ocrx_word' id='word_1_313' title='bbox 566 3409 694 3469; x_wconf 78' lang='lat' dir='ltr'><strong>Pergrnm,</strong></span> <span class='ocrx_word' id='word_1_314' title='bbox 717 3407 777 3456; x_wconf 85' lang='lat' dir='ltr'><strong>urbs</strong></span> <span class='ocrx_word' id='word_1_315' title='bbox 818 3421 935 3477; x_wconf 87' lang='lat' dir='ltr'><strong>possunt.</strong></span> 
     </span>
     <span class='ocr_line' id='line_1_37' title="bbox 248 3480 1353 3549; baseline 0.003 -17"><span class='ocrx_word' id='word_1_316' title='bbox 248 3480 412 3547; x_wconf 60' lang='lat' dir='ltr'><strong>praefectura</strong></span> <span class='ocrx_word' id='word_1_317' title='bbox 423 3483 548 3545; x_wconf 76' lang='lat' dir='ltr'><strong>Natalia,</strong></span> <span class='ocrx_word' id='word_1_318' title='bbox 556 3484 588 3532; x_wconf 84' lang='lat' dir='ltr'><strong>sd</strong></span> <span class='ocrx_word' id='word_1_319' title='bbox 600 3484 778 3543; x_wconf 68' lang='lat' dir='ltr'><strong>occidentem</strong></span> <span class='ocrx_word' id='word_1_320' title='bbox 851 3495 864 3529; x_wconf 75' lang='grc' dir='ltr'><strong>Ρ</strong></span> <span class='ocrx_word' id='word_1_321' title='bbox 878 3489 960 3538; x_wconf 80' lang='lat' dir='ltr'><strong>Tenios</strong></span> <span class='ocrx_word' id='word_1_322' title='bbox 971 3488 1072 3548; x_wconf 50' lang='lat' dir='ltr'><strong>&amp;uadem</strong></span> <span class='ocrx_word' id='word_1_323' title='bbox 1084 3485 1189 3549; x_wconf 72' lang='lat' dir='ltr'><strong>comm]</strong></span> <span class='ocrx_word' id='word_1_324' title='bbox 1200 3485 1297 3535; x_wconf 76' lang='lat' dir='ltr'><strong>Insutae</strong></span> <span class='ocrx_word' id='word_1_325' title='bbox 1305 3486 1353 3535; x_wconf 83' lang='lat' dir='ltr'><strong>Te-</strong></span> 
     </span>
     <span class='ocr_line' id='line_1_38' title="bbox 247 3556 1352 3630; baseline 0.006 -26"><span class='ocrx_word' id='word_1_326' title='bbox 247 3558 272 3606; x_wconf 89' lang='lat' dir='ltr'><strong>in</strong></span> <span class='ocrx_word' id='word_1_327' title='bbox 291 3556 400 3606; x_wconf 85' lang='lat' dir='ltr'><strong>&#39;l&#39;urcico</strong></span> <span class='ocrx_word' id='word_1_328' title='bbox 420 3557 528 3620; x_wconf 88' lang='lat' dir='ltr'><strong>imperio</strong></span> <span class='ocrx_word' id='word_1_329' title='bbox 546 3557 672 3608; x_wconf 79' lang='lat' dir='ltr'><strong>Asiatico.</strong></span> <span class='ocrx_word' id='word_1_330' title='bbox 708 3559 779 3607; x_wconf 72' lang='lat' dir='ltr'><strong>titte-</strong></span> <span class='ocrx_word' id='word_1_331' title='bbox 820 3566 845 3613; x_wconf 89' lang='lat' dir='ltr'><strong>ni</strong></span> <span class='ocrx_word' id='word_1_332' title='bbox 857 3565 1007 3630; x_wconf 76' lang='lat' dir='ltr'><strong>(quainter</strong></span> <span class='ocrx_word' id='word_1_333' title='bbox 1019 3562 1295 3629; x_wconf 82' lang='lat' dir='ltr'><strong>Cycladas)cnltnres.</strong></span> <span class='ocrx_word' id='word_1_334' title='bbox 1312 3562 1352 3611; x_wconf 87' lang='lat' dir='ltr'><strong>De</strong></span> 
     </span>
     <span class='ocr_line' id='line_1_39' title="bbox 246 3636 1353 3704; baseline 0.003 -21"><span class='ocrx_word' id='word_1_335' title='bbox 246 3636 345 3684; x_wconf 71' lang='lat' dir='ltr'><strong>monins.</strong></span> <span class='ocrx_word' id='word_1_336' title='bbox 818 3643 867 3691; x_wconf 88' lang='lat' dir='ltr'><strong>hac</strong></span> <span class='ocrx_word' id='word_1_337' title='bbox 888 3656 925 3704; x_wconf 85' lang='lat' dir='ltr'><strong>re,</strong></span> <span class='ocrx_word' id='word_1_338' title='bbox 947 3641 1044 3690; x_wconf 86' lang='lat' dir='ltr'><strong>Strabo</strong></span> <span class='ocrx_word' id='word_1_339' title='bbox 1062 3643 1080 3690; x_wconf 86' lang='lat' dir='ltr'><strong>l.</strong></span> <span class='ocrx_word' id='word_1_340' title='bbox 1093 3654 1119 3689; x_wconf 85' lang='lat' dir='ltr'><strong>x.</strong></span> <span class='ocrx_word' id='word_1_341' title='bbox 1137 3642 1146 3667; x_wconf 75' lang='lat'><em>⁶</em></span> <span class='ocrx_word' id='word_1_342' title='bbox 1163 3640 1252 3688; x_wconf 82' lang='lat' dir='ltr'><strong>Tenus</strong></span> <span class='ocrx_word' id='word_1_343' title='bbox 1269 3639 1353 3687; x_wconf 79' lang='lat' dir='ltr'><strong>insule</strong></span> 
     </span>
     <span class='ocr_line' id='line_1_40' title="bbox 281 3709 1353 3781; baseline -0.003 -17"><span class='ocrx_word' id='word_1_344' title='bbox 281 3710 286 3743; x_wconf 84' lang='lat'><strong>¹</strong></span> <span class='ocrx_word' id='word_1_345' title='bbox 304 3711 445 3775; x_wconf 68' lang='lat' dir='ltr'><strong>AEttttltqtt&#39;i]</strong></span> <span class='ocrx_word' id='word_1_346' title='bbox 462 3709 513 3759; x_wconf 70' lang='lat' dir='ltr'><strong>Sed</strong></span> <span class='ocrx_word' id='word_1_347' title='bbox 525 3709 615 3759; x_wconf 75' lang='lat' dir='ltr'><strong>debuit</strong></span> <span class='ocrx_word' id='word_1_348' title='bbox 628 3710 715 3759; x_wconf 68' lang='lat' dir='ltr'><strong>dicere</strong></span> <span class='ocrx_word' id='word_1_349' title='bbox 725 3710 777 3758; x_wconf 69' lang='lat' dir='ltr'><strong>Tt-</strong></span> <span class='ocrx_word' id='word_1_350' title='bbox 818 3716 942 3781; x_wconf 88' lang='lat' dir='ltr'><strong>oppidum</strong></span> <span class='ocrx_word' id='word_1_351' title='bbox 955 3716 1034 3764; x_wconf 85' lang='lat' dir='ltr'><strong>habet</strong></span> <span class='ocrx_word' id='word_1_352' title='bbox 1046 3730 1096 3764; x_wconf 91' lang='lat' dir='ltr'><strong>non</strong></span> <span class='ocrx_word' id='word_1_353' title='bbox 1108 3729 1238 3778; x_wconf 84' lang='lat' dir='ltr'><strong>magnum,</strong></span> <span class='ocrx_word' id='word_1_354' title='bbox 1250 3711 1297 3762; x_wconf 86' lang='lat' dir='ltr'><strong>sed</strong></span> <span class='ocrx_word' id='word_1_355' title='bbox 1309 3728 1353 3761; x_wconf 84' lang='lat' dir='ltr'><strong>ex·</strong></span> 
     </span>
     <span class='ocr_line' id='line_1_41' title="bbox 246 3785 1353 3854; baseline 0.001 -18"><span class='ocrx_word' id='word_1_356' title='bbox 246 3788 393 3851; x_wconf 51' lang='lat' dir='ltr'><strong>citus,›qus</strong></span> <span class='ocrx_word' id='word_1_357' title='bbox 410 3801 489 3835; x_wconf 83' lang='lat' dir='ltr'><strong>causa</strong></span> <span class='ocrx_word' id='word_1_358' title='bbox 504 3793 533 3834; x_wconf 89' lang='lat' dir='ltr'><strong>et</strong></span> <span class='ocrx_word' id='word_1_359' title='bbox 551 3800 602 3849; x_wconf 90' lang='lat' dir='ltr'><strong>quo</strong></span> <span class='ocrx_word' id='word_1_360' title='bbox 621 3785 777 3834; x_wconf 86' lang='lat' dir='ltr'><strong>documento</strong></span> <span class='ocrx_word' id='word_1_361' title='bbox 819 3801 860 3841; x_wconf 68' lang='lat' dir='ltr'><strong>trs</strong></span> <span class='ocrx_word' id='word_1_362' title='bbox 879 3792 940 3840; x_wconf 86' lang='lat' dir='ltr'><strong>illud</strong></span> <span class='ocrx_word' id='word_1_363' title='bbox 958 3792 983 3839; x_wconf 88' lang='lat' dir='ltr'><strong>ln</strong></span> <span class='ocrx_word' id='word_1_364' title='bbox 1004 3793 1062 3841; x_wconf 85' lang='lat' dir='ltr'><strong>luco</strong></span> <span class='ocrx_word' id='word_1_365' title='bbox 1082 3792 1198 3854; x_wconf 84' lang='lat' dir='ltr'><strong>Neptuni</strong></span> <span class='ocrx_word' id='word_1_366' title='bbox 1218 3786 1353 3853; x_wconf 82' lang='lat' dir='ltr'><strong>templum,</strong></span> 
     </span>
     <span class='ocr_line' id='line_1_42' title="bbox 246 3864 1352 3932; baseline 0.001 -18"><span class='ocrx_word' id='word_1_367' title='bbox 246 3866 375 3915; x_wconf 88' lang='lat' dir='ltr'><strong>niteretur</strong></span> <span class='ocrx_word' id='word_1_368' title='bbox 383 3866 429 3914; x_wconf 84' lang='lat' dir='ltr'><strong>illa</strong></span> <span class='ocrx_word' id='word_1_369' title='bbox 439 3864 565 3913; x_wconf 85' lang='lat' dir='ltr'><strong>sauctitas</strong></span> <span class='ocrx_word' id='word_1_370' title='bbox 584 3865 683 3928; x_wconf 87' lang='lat' dir='ltr'><strong>templi,</strong></span> <span class='ocrx_word' id='word_1_371' title='bbox 697 3879 777 3930; x_wconf 90' lang='lat' dir='ltr'><strong>usque</strong></span> <span class='ocrx_word' id='word_1_372' title='bbox 818 3867 924 3931; x_wconf 88' lang='lat' dir='ltr'><strong>dignum</strong></span> <span class='ocrx_word' id='word_1_373' title='bbox 936 3882 998 3917; x_wconf 88' lang='lat' dir='ltr'><strong>sane</strong></span> <span class='ocrx_word' id='word_1_374' title='bbox 1010 3867 1077 3932; x_wconf 85' lang='lat' dir='ltr'><strong>quod</strong></span> <span class='ocrx_word' id='word_1_375' title='bbox 1098 3874 1233 3930; x_wconf 87' lang='lat' dir='ltr'><strong>spectetur</strong></span> <span class='ocrx_word' id='word_1_376' title='bbox 1243 3865 1260 3915; x_wconf 75' lang='grc' dir='ltr'><strong>ι’</strong></span> <span class='ocrx_word' id='word_1_377' title='bbox 1277 3872 1306 3915; x_wconf 88' lang='lat' dir='ltr'><strong>et</strong></span> <span class='ocrx_word' id='word_1_378' title='bbox 1320 3864 1352 3915; x_wconf 87' lang='lat' dir='ltr'><strong>de</strong></span> 
     </span>
     <span class='ocr_line' id='line_1_43' title="bbox 247 3940 1194 4006; baseline 0.002 -16"><span class='ocrx_word' id='word_1_379' title='bbox 247 3941 311 3991; x_wconf 82' lang='lat' dir='ltr'><strong>adeo</strong></span> <span class='ocrx_word' id='word_1_380' title='bbox 323 3951 467 4005; x_wconf 84' lang='lat' dir='ltr'><strong>compertu,</strong></span> <span class='ocrx_word' id='word_1_381' title='bbox 482 3956 537 4005; x_wconf 77' lang='lat' dir='ltr'><strong>prae</strong></span> <span class='ocrx_word' id='word_1_382' title='bbox 549 3940 615 3989; x_wconf 82' lang='lat' dir='ltr'><strong>altis.</strong></span> <span class='ocrx_word' id='word_1_383' title='bbox 818 3957 911 4006; x_wconf 85' lang='lat' dir='ltr'><strong>magno</strong></span> <span class='ocrx_word' id='word_1_384' title='bbox 924 3943 959 3992; x_wconf 90' lang='lat' dir='ltr'><strong>ibi</strong></span> <span class='ocrx_word' id='word_1_385' title='bbox 969 3951 1098 3992; x_wconf 79' lang='lat' dir='ltr'><strong>conventu</strong></span> <span class='ocrx_word' id='word_1_386' title='bbox 1111 3943 1194 3992; x_wconf 86' lang='lat' dir='ltr'><strong>addit.</strong></span> 
     </span>
     <span class='ocr_line' id='line_1_44' title="bbox 278 4015 1352 4080; baseline 0.001 -15"><span class='ocrx_word' id='word_1_387' title='bbox 278 4023 296 4048; x_wconf 71' lang='lat'><strong>&#39;¹¹</strong></span> <span class='ocrx_word' id='word_1_388' title='bbox 314 4018 409 4066; x_wconf 80' lang='lat' dir='ltr'><strong>Ceterm</strong></span> <span class='ocrx_word' id='word_1_389' title='bbox 419 4015 532 4079; x_wconf 67' lang='lat' dir='ltr'><strong>mersus]</strong></span> <span class='ocrx_word' id='word_1_390' title='bbox 552 4017 593 4066; x_wconf 85' lang='lat' dir='ltr'><strong>Ne</strong></span> <span class='ocrx_word' id='word_1_391' title='bbox 611 4022 688 4080; x_wconf 89' lang='lat' dir='ltr'><strong>putes</strong></span> <span class='ocrx_word' id='word_1_392' title='bbox 700 4030 778 4080; x_wconf 87' lang='lat' dir='ltr'><strong>prop·</strong></span> <span class='ocrx_word' id='word_1_393' title='bbox 852 4022 954 4068; x_wconf 79' lang='lat' dir='ltr'><strong>Carmen</strong></span> <span class='ocrx_word' id='word_1_394' title='bbox 965 4017 1066 4079; x_wconf 80' lang='lat' dir='ltr'><strong>referre]</strong></span> <span class='ocrx_word' id='word_1_395' title='bbox 1083 4018 1256 4067; x_wconf 89' lang='lat' dir='ltr'><strong>Orsculornm</strong></span> <span class='ocrx_word' id='word_1_396' title='bbox 1270 4022 1352 4067; x_wconf 81' lang='lat' dir='ltr'><strong>etra-</strong></span> 
     </span>
     <span class='ocr_line' id='line_1_45' title="bbox 247 4089 1353 4155; baseline 0.004 -15"><span class='ocrx_word' id='word_1_397' title='bbox 247 4097 318 4141; x_wconf 84' lang='lat' dir='ltr'><strong>tereu</strong></span> <span class='ocrx_word' id='word_1_398' title='bbox 333 4093 449 4155; x_wconf 85' lang='lat' dir='ltr'><strong>repulsos</strong></span> <span class='ocrx_word' id='word_1_399' title='bbox 465 4102 577 4154; x_wconf 85' lang='lat' dir='ltr'><strong>ceteros,</strong></span> <span class='ocrx_word' id='word_1_400' title='bbox 587 4099 616 4141; x_wconf 84' lang='lat' dir='ltr'><strong>et</strong></span> <span class='ocrx_word' id='word_1_401' title='bbox 627 4106 703 4141; x_wconf 90' lang='lat' dir='ltr'><strong>unum</strong></span> <span class='ocrx_word' id='word_1_402' title='bbox 721 4098 777 4141; x_wconf 80' lang='lat' dir='ltr'><strong>tan-</strong></span> <span class='ocrx_word' id='word_1_403' title='bbox 820 4100 874 4142; x_wconf 90' lang='lat' dir='ltr'><strong>turn</strong></span> <span class='ocrx_word' id='word_1_404' title='bbox 886 4092 1000 4141; x_wconf 80' lang='lat' dir='ltr'><strong>carmina</strong></span> <span class='ocrx_word' id='word_1_405' title='bbox 1011 4091 1089 4142; x_wconf 84' lang='lat' dir='ltr'><strong>fidem</strong></span> <span class='ocrx_word' id='word_1_406' title='bbox 1101 4089 1210 4142; x_wconf 81' lang='lat' dir='ltr'><strong>faciunt.</strong></span> <span class='ocrx_word' id='word_1_407' title='bbox 1243 4093 1353 4144; x_wconf 75' lang='lat' dir='ltr'><strong>Quintil.</strong></span> 
     </span>
     <span class='ocr_line' id='line_1_46' title="bbox 247 4165 1351 4236; baseline 0.005 -19"><span class='ocrx_word' id='word_1_408' title='bbox 247 4175 302 4219; x_wconf 88' lang='lat' dir='ltr'><strong>tum</strong></span> <span class='ocrx_word' id='word_1_409' title='bbox 314 4165 454 4235; x_wconf 79' lang='lat' dir='ltr'><strong>AEsculapii</strong></span> <span class='ocrx_word' id='word_1_410' title='bbox 472 4167 634 4234; x_wconf 85' lang='lat' dir='ltr'><strong>privilegium</strong></span> <span class='ocrx_word' id='word_1_411' title='bbox 651 4168 779 4234; x_wconf 81' lang='lat' dir='ltr'><strong>approba·</strong></span> <span class='ocrx_word' id='word_1_412' title='bbox 819 4171 837 4222; x_wconf 90' lang='lat' dir='ltr'><strong>l.</strong></span> <span class='ocrx_word' id='word_1_413' title='bbox 850 4182 902 4221; x_wconf 82' lang='grc' dir='ltr'><strong>ιιι.</strong></span> <span class='ocrx_word' id='word_1_414' title='bbox 913 4169 922 4198; x_wconf 85' lang='lat'>‘</span> <span class='ocrx_word' id='word_1_415' title='bbox 932 4170 972 4220; x_wconf 84' lang='lat' dir='ltr'><strong>Ea</strong></span> <span class='ocrx_word' id='word_1_416' title='bbox 982 4169 1086 4236; x_wconf 86' lang='lat' dir='ltr'><strong>quidem</strong></span> <span class='ocrx_word' id='word_1_417' title='bbox 1104 4171 1211 4235; x_wconf 81' lang='lat' dir='ltr'><strong>propris</strong></span> <span class='ocrx_word' id='word_1_418' title='bbox 1221 4177 1268 4222; x_wconf 86' lang='lat' dir='ltr'><strong>sut</strong></span> <span class='ocrx_word' id='word_1_419' title='bbox 1279 4172 1351 4223; x_wconf 86' lang='lat' dir='ltr'><strong>testi·</strong></span> 
     </span>
    </p>
   </div>
   <div class='ocr_carea' id='block_1_8' title="bbox 0 0 1491 4867">
    <p class='ocr_par' dir='ltr' id='par_1_8' title="bbox 0 0 1491 4867">
     <span class='ocr_line' id='line_1_47' title="bbox 0 0 1491 4867; baseline 0 0"><span class='ocrx_word' id='word_1_420' title='bbox 0 0 1491 4867; x_wconf 95' lang='lat' dir='ltr'><strong> </strong></span> 
     </span>
    </p>
   </div>
  </div>
 </body>
</html>
