2967 4867
227 411 275 484 m
584 430 617 484 u.
639 429 819 482 conuenit
842 432 970 483 sacrus
1163 440 1324 507 [aum

155 593 165 606 ⁴
226 579 355 646 'liberii
369 575 525 664 Ceiique*
537 583 570 644 et
584 577 718 644 Claudii
732 597 773 642 ac
792 576 931 644 Neronis
943 599 1009 658 res,
1020 581 1213 646 florentibus
1228 583 1326 667 ipsis,

229 683 273 746 ob
296 687 417 747 metum
442 679 562 762 iuleee3‘
587 689 765 766 postquam
795 681 997 758 occiderant,
1024 685 1210 748 recentibus
1239 685 1327 748 odiis

229 785 424 868 compositae
438 790 524 850 sunt.
568 783 652 848 lude
675 784 849 849 consilium
862 783 955 861 mihi,
980 803 1090 867 pauca
1108 784 1149 848 de
1172 784 1328 869 Augusto

228 975 443 1053 numme.
556 991 860 1059 mnaoofmram
871 989 1167 1053 mammaeam.
1203 990 1329 1053 natm

227 1056 377 1117 unimam,
547 1058 623 1106 oddae
637 1058 678 1111 ,iro
696 1058 784 1107 mimia
800 1057 932 1120 mmmm
950 1062 994 1106 est.
1028 1057 1111 1118 ltaque
1121 1054 1196 1104 statao'
1211 1057 1273 1118 apud
1288 1065 1329 1104 ne

229 1122 334 1184 modun
344 1125 369 1170 et
375 1126 495 1185 postrema
504 1136 633 1171 memorare
644 1124 673 1171 ds
682 1123 800 1185 sagma,
817 1122 872 1170 deis
890 1121 1012 1185 ὑιρπίιι
1024 1121 1129 1178 liberii5
1143 1126 1168 1169 et
1178 1120 1329 1183 ulismqaea·

725 1275 831 1326 Nom

230 1386 332 1453 pupinia
351 1393 379 1437 et
398 1389 626 1439 comessationibus
644 1388 759 1439 etPrin-
799 1388 955 1451 autgratioe,
969 1387 1171 1453 inimicitiaque,
1183 1387 1224 1436 vel
1242 1386 1331 1437 amici·

230 1462 604 1527 cipirlnritetiouedeteritur!
632 1465 759 1515 Horatius
799 1466 852 1528 tia,
868 1463 1040 1514 incendenda
1056 1463 1164 1512 biatoriu
1174 1461 1272 1527 aliquid
1282 1463 1332 1512 trl·

229 1539 288 1605 pari
307 1540 466 1603 metaphora,
488 1541 496 1568 ‘
506 1541 595 1605 Culpa·
605 1541 703 1590 deterit
723 1541 761 1590 iu·
801 1541 920 1603 buerant,
930 1550 1014 1590 tamen
1024 1540 1093 1604 apud
1104 1540 1167 1589 alios
1174 1539 1266 1588 eadem
1277 1553 1331 1589 uro·

230 1616 420 1681 geul.'1.ipaias.
439 1619 494 1681 Ege
508 1628 593 1667 tamen
604 1619 760 1682 scripturam
800 1618 929 1666 numentis
949 1618 1106 1679 complexos,
1126 1630 1157 1665 ac
1175 1614 1286 1679 publicis
1303 1615 1330 1665 ia

230 1699 408 1743 veteremuon
425 1695 553 1744 mutarim.
587 1695 760 1761 Namquires
801 1691 997 1742 Commentariis
1014 1691 1122 1754 reperiri
1140 1704 1227 1739 rerum
1246 1698 1333 1755 gesta·

231 1775 316 1832 gestas
328 1769 383 1817 siue
398 1769 437 1817 ira
449 1778 476 1819 et
495 1771 579 1820 studio
594 1771 707 1821 scribere
719 1786 762 1835 aq.
800 1781 858 1817 rum
881 1768 976 1817 veritas
1003 1767 1088 1831 aliquo
1115 1766 1191 1816 modo
1219 1774 1332 1830 poterat.

231 1843 391 1908 gradiuntur,
406 1845 449 1894 ubl
469 1846 552 1895 aulam
571 1846 761 1896 adulationibus
800 1844 898 1892 Verum
920 1851 1037 1908 ternpore
1058 1844 1199 1894 immutata
1217 1843 1331 1910 lleipub.

231 1917 366 1982 refertam
383 1921 585 1987 principemque
596 1924 626 1972 iia
637 1923 760 1974 iniectum
801 1919 862 1983 quia
880 1919 1004 1984 pleraque
1019 1919 1122 1969 occulte
1133 1920 1174 1983 aqi
1185 1927 1332 1990 ceperunt,

232 1995 316 2046 odisse
332 1998 470 2047 veritatem
482 1998 606 2062 ridente
623 1999 762 2050 scribendo
801 2011 892 2061 parum
902 1997 962 2047 fidel
982 2012 1070 2048 eorum
1087 1999 1202 2048 narratio
1216 1998 1333 2063 invenit,

232 2072 486 2141 uretudeterreutur.
504 2075 575 2125 Suet.
586 2074 761 2126 clauduli.
801 2073 953 2138 quinetiam
971 2073 993 2123 ai
1010 2074 1071 2139 quid
1085 2074 1111 2124 iu
1122 2075 1253 2139 publicum
1263 2089 1333 2125 ema·

150 2208 157 2222 ι
232 2147 336 2199 dulim.
355 2155 378 2199 et
397 2150 511 2200 Piebeau.
543 2152 607 2200 Vult
627 2151 762 2202 manifeste
801 2151 882 2212 navit,
892 2156 979 2199 tamen
992 2150 1016 2199 ei
1035 2164 1138 2215 quoque
1156 2164 1206 2198 uon
1223 2151 1332 2200 multum

231 2225 354 2276 memisse
373 2226 479 2292 quidem
497 2227 548 2275 ista
566 2227 678 2291 ingenia,
689 2228 734 2277 sed
747 2243 763 2278 ι
802 2225 977 2288 certitudinis,
987 2226 1024 2275 rei
1036 2226 1132 2290 quippe
1147 2240 1198 2276 non
1214 2226 1277 2275 satis
1288 2239 1334 2276 ex·

231 2300 367 2351 combaudo
379 2308 448 2350 metu
461 2308 606 2363 temporum
622 2301 702 2351 fnisse
717 2302 762 2351 de·
801 2303 918 2365 plorata,
929 2302 1060 2352 tribuitur.
1085 2301 1132 2351 Est
1142 2302 1208 2351 enim
1219 2299 1333 2364 auspicio

232 2376 342 2436 territe;
359 2390 417 2425 cum
434 2390 485 2424 nou
501 2376 595 2425 liceret
606 2377 715 2440 emplius
725 2377 763 2427 di·
803 2379 887 2427 omnia
897 2378 960 2441 dici,
972 2378 1065 2442 agique
1084 2378 1117 2427 ed
1136 2378 1269 2428 arbitrium
1281 2376 1336 2427 Iru-

231 2461 303 2514 cere,
329 2465 387 2515 qua
412 2451 539 2511 seutircs3
567 2452 659 2502 liceret
679 2454 763 2503 adbuc
803 2455 1270 2518 peratorum,eoramquequihorum
1287 2468 1335 2518 po·

234 2526 330 2575 sentire
358 2540 417 2590 qure
440 2528 528 2577 velles.
572 2527 639 2576 Nam
661 2528 764 2591 ingenia
803 2529 894 2577 tcutire
913 2536 973 2579 sunt
992 2529 1148 2593 participer:
1175 2535 1253 2594 atque
1271 2527 1334 2579 lude

232 2605 304 2652 certe
327 2601 475 2652 adulatione
495 2617 547 2652 nen
574 2603 659 2652 deteri
684 2606 765 2656 roualt
803 2601 910 2667 fieri,ut
928 2606 1011 2655 multa
1026 2604 1138 2655 conficta
1156 2605 1334 2667 divulgantur,

232 2677 346 2742 Tacitus,
364 2693 422 2728 cum
434 2678 561 2729 scriberet
570 2679 588 2728 1.
600 2691 658 2729 xvr.
672 2679 763 2730 ‘Sum-
802 2679 885 2729 multa
895 2695 953 2746 qna
965 2695 1025 2731 rere
1034 2689 1094 2731 acta
1102 2681 1164 2744 sint,
1170 2680 1336 2744 ignorantum

233 2765 276 2803 rua
293 2752 423 2816 facundis,
434 2769 482 2804 uec
500 2755 598 2806 minore
615 2755 763 2806 adulatione
804 2755 916 2823 denique
937 2773 1013 2808 secus
1034 2759 1127 2821 omnin,
1146 2772 1224 2823 quam
1241 2771 1336 2807 erene-

233 2829 336 2879 serrllia
352 2827 501 2893 fingebant!
542 2831 577 2880 Et
597 2845 658 2881 vero
678 2845 763 2882 nonne
803 2832 1006 2896 riut,edantur.'

235 2903 451 2955 subaevumillud
467 2906 592 2969 gliscente
604 2907 659 2972 Jam
674 2908 763 2958 adola-
835 2906 956 2960 hliberii
978 2911 1088 2975 coitque]
1119 2910 1196 2960 Fines
1208 2909 1337 2975 designat,

234 2977 307 3028 tione
327 2978 421 3029 decora
439 2980 556 3045 ingenia?
573 2983 653 3033 Certe
669 2983 765 3034 Polite·
803 2973 873 3038 lu'tra
886 2988 983 3053 quosbi
995 2988 1063 3052 libri,
1073 2988 1118 3054 qul
1129 2988 1261 3053 attingunt
1272 3002 1336 3053 qua·

236 3068 301 3105 rum.
343 3055 470 3106 Velleium
491 3074 592 3124 quoque
612 3059 766 3110 adulationis
804 3069 863 3113 tuor
884 3064 1012 3114 duntaxat
1038 3064 1181 3128 Principes.
1233 3065 1272 3118 Ut
1293 3063 1336 3115 rel

234 3127 312 3184 facile
331 3132 477 3194 convincas,
494 3132 583 3184 decori
599 3135 695 3199 ingenii
711 3136 766 3186 lau·
803 3138 863 3188 lriuc
875 3139 973 3204 liqueat
989 3140 1110 3190 historias
1128 3155 1242 3192 seorsum
1255 3141 1339 3206 scrip·

234 3202 294 3256 deur
306 3206 391 3255 einen
402 3206 531 3258 detrahas.
549 3209 660 3261 arsut.
806 3222 857 3278 tas,
867 3217 997 3281 finemque
1008 3216 1146 3266 Annalium
1158 3215 1238 3268 titisse
1248 3217 1273 3268 lu
1283 3216 1337 3268 tine

270 3283 371 3344 ingenie
381 3283 567 3347 deterrerentur]
588 3286 660 3335 Vera
670 3291 697 3334 et
708 3300 766 3349 ger·
805 3291 928 3340 Neronis.
944 3291 1046 3354 tapam

236 3370 313 3407 mana
331 3357 418 3406 Taciti
440 3358 529 3410 lectlo.
574 3358 668 3409 Nullus
689 3360 766 3410 testis
838 3366 1086 3432 lobmetamfulaae]
1105 3371 1140 3420 Et
1149 3375 1234 3421 metus
1245 3371 1338 3424 etodi-

236 3431 391 3496 locupletior
401 3432 481 3483 fuerit
499 3448 575 3500 quam
592 3436 654 3499 Dio,
674 3437 719 3501 qul
738 3435 766 3485 id
806 3457 849 3493 um
865 3443 1052 3508 impedimento
1063 3453 1124 3497 flunt
1134 3447 1267 3498 historiam
1278 3460 1341 3498 eon.

236 3508 623 3591 lusesemitetcapemmest
640 3513 766 3578 cumipse
806 3521 1063 3573 texererolentlbua.
1097 3519 1172 3572 lietu
1181 3522 1220 3587 nr,
1230 3531 1260 3574 ut
1276 3537 1340 3575 vera

236 3584 270 3634 de
295 3584 335 3633 bis
363 3587 521 3649 temporibus
548 3588 681 3642 scriberet.
723 3591 767 3641 Sic
806 3595 895 3646 dicere
911 3609 964 3646 uon
983 3597 1110 3659 audeant3
1127 3598 1195 3661 odio,
1210 3606 1242 3649 ut
1256 3598 1339 3650 luter-

236 3660 765 3729 igiturbabetl.nrrr.‘b1utatallepub.
806 3671 867 3721 dnm
883 3670 951 3722 salsa
970 3672 1127 3737 contingant.
1171 3674 1340 3740 Hermique

238 3752 296 3803 quse
317 3744 409 3802 postea
425 3752 467 3788 res
487 3748 567 3804 gesta
585 3749 655 3804 aunt,
674 3740 767 3791 eodem
805 3747 1006 3811 reprehensione
1017 3747 1095 3813 digna
1106 3755 1176 3813 suut,
1194 3756 1239 3800 aut
1250 3758 1339 3802 tacen-

236 3814 324 3878 medo,
350 3829 400 3880 quo
435 3817 594 3880 superiorum
621 3824 767 3882 temporum
807 3830 851 3873 tur
872 3830 1122 3889 aureatenuautur,
1143 3827 1289 3876 autetiam
1311 3827 1340 3880 in

239 3890 767 3956 acta,perscribinoupuasnnt1lseuim
806 3899 965 3950 eontrarium
983 3915 1058 3951 rersa
1073 3901 1220 3952 laudantur.
1260 3902 1341 3967 Odio,

238 3967 324 4019 emula
338 3968 450 4032 qurerel
466 3969 557 4031 procul
575 3968 608 4017 ab
628 3969 692 4019 urbe
710 3984 769 4034 age·
807 3990 865 4042 qna
877 3983 986 4039 peccata
995 3983 1065 4040 sunt,
1074 3984 1263 4041 angustantur
1274 3979 1340 4031 etin

237 4049 337 4107 rentur,
348 4044 383 4093 ad
401 4045 526 4094 Senatum
545 4045 718 4110 populumque
729 4061 770 4096 re·
807 4051 891 4113 majus
909 4051 1076 4101 amoliuntur:
1093 4065 1152 4117 qua
1169 4059 1243 4103 recte
1259 4052 1340 4117 facta,

238 4117 398 4182 ferebantur,
407 4120 517 4184 ideoque
526 4134 614 4170 omues
625 4134 657 4171 ea
665 4135 772 4186 cognos-
808 4131 854 4173 ιιι
863 4125 1067 4190 supprimuntur,
1082 4133 1127 4175 ant
1139 4127 1283 4191 elevantur,
1294 4135 1341 4179 aet

241 4193 347 4257 cebant,
368 4195 496 4244 ac=multl
518 4195 601 4245 llterls
622 4196 769 4247 tradebant.
810 4200 993 4264 depravantur.
1024 4202 1118 4267 Itaque
1136 4202 1182 4252 ubl
1202 4203 1247 4254 illa
1268 4211 1340 4267 aunt,

238 4273 274 4328 Bt
284 4270 400 4338 quamvis
416 4285 468 4323 uon
484 4270 604 4338 deerant,
614 4273 659 4340 qal
675 4274 768 4340 metui,
808 4277 870 4328 lude
881 4276 1053 4332 exuhtddes.
1069 4279 1189 4332 dim
