2967 4867
99 378 102 383 ’
159 384 227 439 Μ.
239 385 294 451 ἢ]
517 384 725 439 ansteum
745 388 823 439 trin.
847 392 903 442 lll·
1202 386 1268 452 501

160 547 222 614 pro
245 530 424 599 orriuibus.u
448 530 683 616 civibuaieges
704 534 883 614 obtineant,
908 537 966 602 nui
980 537 1181 608 Germanico
1203 563 1269 611 non

161 629 359 714 contigisse!
401 630 531 696 Vitellii
545 638 580 697 et
588 632 724 700 Veranii
733 655 819 703 voce
833 638 1008 705 defletum'
1021 640 1208 711 Caesarem:
1224 648 1268 712 ab

161 732 366 816 Imperatore
403 738 437 797 et
475 730 627 814 Augusta
663 735 833 803 defensam
868 738 1084 806 Plancinam!
1114 746 1266 828 perinde¹

159 854 295 913 venena,
322 842 356 899 et
378 840 465 898 artes
494 841 562 899 tem
584 835 722 902 feliciter
749 845 921 922 expertas,
935 848 1077 909 verteret
1097 846 1131 908 in
1145 844 1268 933 Agrip·

159 935 284 1019 pinam,
310 936 343 998 in
367 933 492 999 liberos
522 934 606 1020 ejus,
636 939 870 1024 egregiamque
896 945 1020 1023 avium,
1046 964 1086 1009 ac
1111 955 1268 1031 patruum

159 1037 319 1118 sanguine
348 1036 539 1101 miserrimae
575 1038 694 1103 domus
730 1044 935 1110 exsatiaret?
989 1046 1137 1113 Biduum
1165 1028 1268 1133 supe'r

159 1136 261 1216 baeu,²
290 1138 459 1221 imagine*
491 1140 714 1222 cognitionis,¹
741 1145 948 1230 absumtum;
969 1157 1104 1234 urgente
1130 1150 1267 1218 'liberio
1374 1144 1379 1153 '

159 1303 229 1355 ferre
235 1306 456 1372 Patribusiqnod
466 1322 513 1371 pro
522 1311 622 1360 cunctis
630 1309 727 1361 civibus
735 1313 807 1376 leges
818 1315 949 1379 evincunt,
956 1315 983 1365 id
994 1317 1041 1366 soli
1049 1316 1205 1369 Germanico
1215 1332 1266 1370 non

159 1374 323 1447 concessum!
336 1372 437 1421 Vitellii
446 1373 583 1423 etVeranli
592 1376 708 1426 oradoue
718 1383 796 1442 atque
804 1379 925 1443 lacrymis
933 1378 1066 1430 defensum
1074 1382 1266 1446 Germanicum,

159 1435 301 1499 sprincrpe
309 1442 337 1485 et
345 1435 464 1501 Angusta
472 1444 613 1501 protectam
621 1439 789 1491 Plancinam!
807 1442 1266 1507 Itaquereneficiaetl'raudeatauto

158 1513 281 1549 successu
291 1506 403 1550 tentatas
411 1498 533 1551 flecteret
540 1502 567 1551 in
576 1502 753 1571 Agrippinam,
762 1506 788 1555 irr
798 1508 912 1558 sobolem
921 1509 929 1557 i
949 1509 1011 1573 sius,
1019 1510 1162 1576 bonamque
1170 1512 1264 1571 ariam,

159 1579 190 1613 ac
206 1570 326 1627 patruum
342 1579 434 1614 cruore
445 1564 630 1617 infelicissime
642 1569 746 1620 familiae
757 1573 886 1636 expleret.
919 1524 1026 1626 didam
1036 1575 1062 1624 ia
1072 1575 1111 1625 bis
1121 1582 1266 1635 commta»

157 1629 324 1693 spoeieiadicii
333 1644 375 1679 ses
384 1630 528 1696 paese,
537 1633 670 1695 inpellente
687 1634 855 1703 liberiofllios
865 1637 970 1704 Pisonis,
980 1647 1012 1690 ut
1022 1647 1131 1691 matrem
1141 1639 1266 1692 defende·

561 1770 574 1799 .
623 1805 800 1828 annuens·

191 1922 203 1967 l
215 1918 320 1969 Proinde
328 1920 427 1983 optime
435 1920 575 1971 Rbenanns
585 1927 613 1972 et
621 1923 790 1975 recentiores.
806 1924 952 1988 Perpsram
963 1925 1105 1975 Beroaldus
1114 1926 1209 1990 aliique
1221 1940 1264 1978 re·

159 1989 228 2033 teres
235 1983 342 2048 peristis
357 1986 504 2050 Haesaepe
515 1994 658 2039 mutantur.
683 1988 990 2055 Brotier.-bSaperbac.
1000 1990 1115 2041 Brotier.
1131 1991 1264 2043 MeieBe·

652 2135 765 2188 NOTAE

158 2259 441 2324 piuminterfectricem
451 2263 490 2313 sni
500 2263 593 2327 sitiet
610 2265 686 2330 longe
760 2273 776 2299 '
787 2266 894 2317 Bitiam
907 2280 978 2331 saper
994 2265 1054 2327 lec,
1063 2264 1169 2327 imagine
1184 2263 1264 2327 seged-

157 2336 304 2387 execrabile
323 2338 393 2387 iliam
415 2352 528 2401 servare,
549 2341 688 2404 penatibus
727 2343 812 2409 tionis]
844 2344 885 2394 Ex
906 2340 1088 2408 superioribus,
1108 2348 1136 2390 et
1154 2354 1264 2406 sequeu-

156 2416 209 2466 suis
227 2417 355 2482 recipere,
374 2423 402 2468 et
422 2419 458 2468 sic
477 2420 549 2485 quasi
560 2418 689 2484 pulvinari
728 2419 797 2470 tibus
820 2420 934 2484 videtur,
962 2419 996 2468 de
1015 2418 1142 2468 Plancina
1161 2422 1263 2466 tautum

157 2495 275 2545 Deorum
286 2495 356 2545 iiiam
367 2495 466 2560 dignari
477 2502 505 2546 et
515 2496 648 2559 obtegere.
729 2510 785 2547 rem
796 2512 867 2547 esse:
886 2503 973 2547 tamen
990 2494 1101 2546 inferius
1116 2493 1142 2542 in
1160 2498 1263 2541 seuten-

188 2570 284 2627 'de
295 2572 465 2636 mansibus]
477 2572 689 2623 UniGermanico
731 2573 775 2622 tiis
791 2579 895 2623 constat
917 2572 958 2637 agi
977 2572 1053 2621 sirunl
1075 2570 1109 2619 de
1129 2568 1264 2633 Plancina,

157 2661 208 2697 nou
224 2648 365 2712 contigisse
380 2648 529 2714 vindictum,
545 2664 622 2715 quam
641 2662 689 2712 pro
729 2648 837 2709 Pisone,
848 2648 970 2712 filiisque.
1004 2647 1118 2695 Piclern.

156 2722 274 2773 omuibus
285 2723 468 2789 cujuscumque
488 2724 641 2775 conditionis
653 2724 689 2774 ci·
761 2723 892 2773 Videntur
910 2725 974 2774 moti
994 2721 1144 2784 hieremie,
1167 2719 1263 2771 Mares

155 2797 231 2849 ribus
242 2800 312 2862 leges
321 2799 482 2850 sanxissent!
509 2792 690 2850 'Vitelliumet
728 2799 867 2865 nimum,
887 2800 1018 2865 putavisse
1035 2796 1119 2866 majus
1137 2798 1262 2862 temporis

155 2874 305 2937 Veranium,
318 2876 426 2925 comites
438 2876 543 2942 quidem
554 2877 688 2928 etamicos
728 2878 851 2942 epatium,
872 2893 948 2942 quam
970 2890 1072 2942 aequum
1094 2880 1139 2925 aut
1158 2875 1262 2924 solitum

155 2949 315 3015 Germanici,
325 2952 370 3002 sed
389 2952 613 3019 uuiiopropiuqno
631 2967 687 3002 san·
728 2960 807 3017 esset,
828 2954 972 3017 impensum
990 2953 1084 3003 luisse:
1100 2952 1188 3016 idque,
1206 2957 1262 3000 tan·

157 3027 241 3093 guinis
253 3042 322 3078 nexu
337 3029 452 3094 junctos,
462 3030 621 3080 orationibus
634 3029 688 3080 suis
728 3044 804 3094 quarn
815 3029 921 3079 invidie
930 3029 1073 3094 periculum
1083 3027 1209 3089 subesset,
1217 3041 1263 3076 ex.

149 3118 214 3154 -eum
233 3103 385 3166 deflevisse;
402 3111 493 3156 contra
507 3106 639 3156 'liberium
660 3113 689 3156 et
728 3113 845 3156 curatum
865 3105 913 3154 boc
935 3111 1078 3168 praetextu,
1101 3103 1261 3168 dictumque,

155 3174 266 3244 Liviam,
277 3183 344 3232 banc
359 3183 442 3232 aviam
461 3181 604 3245 interfecti,
615 3183 687 3232 illum
727 3183 788 3233 ideo
807 3188 906 3232 tantum
918 3181 1042 3246 temporis
1055 3181 1130 3242 sumi,
1141 3186 1172 3228 ut
1183 3192 1261 3228 causa

155 3265 256 3325 patrem
273 3266 301 3308 et
320 3267 451 3323 patruum,
462 3258 594 3308 Plancinae
608 3260 688 3308 inter·
727 3259 810 3323 probe
836 3258 956 3323 cognosci
984 3255 1173 3333 dijudicarique
1200 3268 1259 3318 pos·

155 3334 494 3398 fectncicaesanradesse.
528 3334 638 3385 messa
727 3334 771 3385 sit.
802 3342 808 3360 ·

111 3436 114 3441 -
187 3410 327 3475 Praecipue
355 3417 498 3477 queruntur
524 3411 616 3475 optimi
638 3410 688 3476 iili,
761 3411 812 3462 Sed
823 3415 926 3463 constat
936 3423 986 3458 non
998 3407 1075 3457 modo
1083 3406 1201 3473 biduum,
1212 3406 1259 3458 aed

155 3487 226 3554 quod
237 3486 404 3537 interfectrix
421 3488 466 3536 ilia
476 3487 577 3536 senatui
588 3492 617 3536 et
627 3501 688 3550 sup·
727 3491 814 3552 piures
826 3488 892 3549 dies,
903 3488 986 3536 causis
1003 3491 1054 3534 tarn
1067 3484 1189 3549 gravibus
1199 3498 1260 3535 euo-

154 3565 234 3629 plicio
245 3564 398 3629 eriperetur,
409 3564 479 3628 quod
493 3578 544 3612 non
557 3563 688 3613 obtineret
727 3563 818 3614 dandis
841 3564 919 3614 tribul
931 3562 1103 3613 consuevisse.
1134 3561 1259 3624 Supra·in

153 3639 632 3705 uitionemnecistiermsnicns,quam
641 3654 685 3703 pro
727 3655 805 3690 causa
823 3640 926 3691 Pisonis
938 3652 981 3689 nr.
1004 3640 1042 3686 1⁸.
1061 3635 1180 3685 undecim
1202 3634 1259 3685 dica

153 3717 260 3767 ansibus
275 3715 584 3779 doibmbgesobiinerest.
617 3716 687 3767 Que·
726 3717 893 3782 colliguntur.

153 3800 247 3843 rantur
271 3793 337 3842 banc
363 3793 447 3855 legum
474 3791 615 3842 vindictam
642 3792 687 3841 uui
759 3794 820 3843 Non
832 3793 911 3858 igitur
921 3793 992 3843 iliam
1006 3790 1038 3840 ob
1050 3788 1176 3838 rationem
1193 3786 1259 3837 bidei

154 3868 310 3920 Germanico
322 3882 372 3918 non
382 3869 530 3931 contigisse.
725 3867 797 3919 facta
817 3876 858 3918 est
877 3868 990 3917 mentio:
1008 3863 1056 3914 sed
1074 3862 1109 3913 ud
1119 3862 1260 3914 artificium

185 3952 198 3979 '
212 3946 274 3996 Voce
284 3943 407 4008 defletam]
439 3944 534 4008 Deflete
544 3960 608 4009 noce,
623 3944 687 3995 nibil
724 3944 825 3994 ‘liberii
843 3942 1041 4006 exponendum:
1060 3942 1103 4005 qui
1123 3941 1192 3991 sieut
1209 3942 1261 3991 ert«

154 4021 225 4072 aliud
237 4027 288 4083 est,
298 4022 374 4085 quam
385 4022 517 4086 conqueri,
526 4020 687 4070 lamentabili
726 4032 788 4085 pere
800 4019 948 4068 Plancinam
969 4018 1148 4081 constitueret,
1158 4017 1197 4067 lta
1208 4018 1259 4069 dis·

154 4098 272 4148 oratioue
292 4097 422 4162 prosequi.
454 4097 497 4147 Sic
518 4097 553 4147 de
572 4096 686 4146 carmine
726 4093 1207 4160 piciebatquomodoidminimacunr
1219 4095 1256 4144 in-

154 4172 256 4238 iugubri
267 4170 336 4221 infra
346 4176 438 4221 urse.
449 4175 457 4202 ‘
467 4174 526 4226 Quo
537 4172 686 4224 Germanici
725 4172 796 4223 vidia
805 4171 899 4232 fleret3
921 4187 998 4238 qnam
1018 4170 1116 4222 sciebat
1132 4171 1256 4221 orituram

154 4244 448 4314 rupremsdedeverat!
726 4250 876 4315 esseiougc
885 4248 1169 4314 maximamsistatim,
1183 4252 1256 4298 ante
