2967 4867
133 394 264 459 actm
507 383 710 436 ssusnruu
736 386 808 436 nra.
832 388 857 438 r.
1187 373 1231 440 ω

133 535 269 612 ureae,
292 538 416 616 ‘spem
427 550 502 595 esse
513 550 557 596 ex
575 550 628 611 eo,
649 551 717 597 nou
741 533 848 597 irrites
861 527 929 598 iore
944 532 1088 598 Senatus
1101 552 1230 617 preces,

133 636 220 721 quod
239 636 395 700 relationi
420 633 605 698 Consulum
635 634 939 723 jure'l'ribnniciae
962 637 1139 719 potestatis
1162 654 1230 700 non

129 734 407 802 massanell
450 733 491 798 In
515 734 692 800 Haterium
715 736 827 802 statim
850 738 1003 802 invectus
1023 743 1095 817 est3
1124 737 1229 803 Scau·

132 857 212 916 mm,
234 839 291 902 cui
311 835 559 920 implacabilius
581 838 795 917 irascebatur,
822 839 951 903 silentio
974 838 1132 904 tramisit:
1162 839 1229 904 fes·

131 960 249 1022 susque
272 940 417 1004 clamore
444 939 599 1014 omnium,
622 938 887 1022 expostulatione
909 940 1120 1023 singulorum,
1136 939 1231 1005 flexit

131 1041 301 1124 paulatim,
325 1060 392 1104 non
415 1045 453 1104 ut
475 1039 631 1104 fateretur
654 1040 785 1123 suscipi
807 1058 830 1104 a
851 1060 889 1104 se
910 1041 1096 1125 imperinm,
1111 1040 1169 1105 aad
1190 1047 1229 1107 ut

129 1160 244 1224 negare
258 1147 294 1206 et
303 1140 412 1224 rogari
427 1141 599 1216 desineret.
643 1139 794 1219 Constat,
809 1139 1009 1221 Haterium}
1021 1163 1096 1207 curn
1111 1142 1229 1227 depre-

130 1243 222 1307 candi
246 1259 353 1308 causa
373 1242 538 1327 palatium
561 1241 739 1319 introisset,
755 1243 1020 1328 ambulantisque
1034 1244 1159 1309 Tiberii
1172 1264 1229 1328 ge·

129 1440 221 1490 iastiles
230 1440 291 1500 fors
300 1439 587 1554 medicum,
602 1441 664 1503 qaod
674 1455 720 1490 sorr
731 1442 908 1504 supposuisset
919 1440 1029 1491 relationi
1041 1441 1159 1490 medan
1170 1440 1228 1501 ‚isara

129 1510 287 1568 mtaaqsuas
338 1505 344 1517 ‘
425 1504 510 1566 plebis.
541 1503 860 1555 Haterisnastotiasueriter
874 1505 1016 1567 objurgavit,
1026 1505 1154 1554 etsilerrtin
1164 1519 1227 1567 prn-

130 1567 1227 1632 wmuwameamraetarmsstimcwmmtmmmaees

129 1633 736 1698 etefflagr'tssiersesimloesmsrtitseasiss,sss
753 1638 781 1685 st
859 1635 1104 1698 ediceret,capmre
1118 1648 1144 1682 sc
1160 1633 1229 1696 pris·

128 1696 233 1760 diurn,
251 1700 297 1748 ssd
316 1704 343 1748 st
359 1702 460 1747 emet
477 1711 586 1747 recusare
602 1702 626 1746 et
636 1697 760 1762 placitari.
815 1705 935 1749 maereat
948 1699 1148 1759 Hateriumcssr
1158 1712 1229 1746 eses-

129 1760 1226 1842 adingrdisPddianisgremssmet,ctadpeduTiberiiiseedmtisprocsatdnd,

622 1955 732 2007 NOTAE

130 2101 173 2152 sed
190 2103 326 2168 precipua
344 2115 432 2166 cansa,
450 2117 483 2152 ne
504 2102 591 2153 adiens
612 2117 657 2168 pa·
692 2101 806 2167 juvenis,
821 2109 849 2152 et
868 2101 990 2167 cupidine
1001 2100 1084 2151 landis
1100 2098 1228 2151 offerebat

132 2185 195 2228 tran
212 2182 236 2229 ia
254 2195 285 2230 se
306 2179 464 2244 coactaret,
473 2179 570 2245 qnippe
583 2179 658 2231 initio
696 2192 725 2227 se
752 2178 952 2228 intercessurum
968 2178 1078 2228 Senatus
1098 2177 1228 2227 consulto.

131 2257 254 2306 metuebat
263 2256 361 2307 multa.
695 2255 764 2308 Nem
790 2256 874 2322 plebis
891 2258 1019 2309 Tribunus
1038 2255 1112 2308 crat!
1151 2253 1226 2305 Idem

158 2329 496 2388 teneramunda
507 2333 565 2394 jare
580 2333 657 2383 trida-
696 2339 818 2398 poterant
838 2339 865 2384 et
887 2333 1015 2393 consules,
1039 2332 1166 2383 indirecte
1187 2338 1226 2382 ta·

131 2408 193 2459 sicis
205 2409 581 2474 camaracensium]
607 2409 658 2460 Illa
695 2426 765 2474 rnen,
786 2426 845 2461 cum
865 2409 964 2462 referre
981 2410 1132 2461 abnuerent.
1171 2407 1227 2461 lta·

131 2483 251 2550 dicacitas,
261 2500 315 2537 seu
327 2486 467 2547 cavillatio,
477 2487 560 2536 acrius
580 2501 657 2550 pene·
696 2502 748 2553 que
760 2488 982 2553 potuit'l‘iberins,
999 2487 1020 2537 si
1039 2488 1162 2538 rolrrisset
1175 2486 1227 2536 sin·

131 2561 408 2623 narituleingeninm
419 2562 657 2628 prlnclptslujuriua
695 2575 757 2613 nere
775 2577 828 2614 nnn
845 2562 978 2626 dominari,
989 2563 1153 2614 intercedere
1166 2562 1228 2627 jura

130 2637 202 2690 ntra
223 2637 404 2690 recondentis.
445 2638 545 2703 Aperte
566 2639 658 2689 irridet
697 2653 743 2690 suo
754 2640 915 2704 Tribunicio,
923 2654 957 2689 ne
969 2641 1085 2690 consules
1096 2638 1227 2690 referrent

121 2707 192 2766 'utu
201 2713 408 2778 turmaque!
425 2714 487 2778 jure
497 2714 656 2766 Tribuniclra
697 2714 730 2764 de
750 2713 864 2779 Imperio
883 2714 933 2778 ipsi
952 2714 1099 2765 tribuendo.
1140 2714 1226 2779 Igitur

131 2796 256 2855 pntntatis
264 2808 322 2843 non
333 2792 510 2842 intercesserit
526 2791 565 2842 rei
580 2808 656 2858 quam
696 2805 754 2842 cum
776 2806 826 2840 non
845 2790 1019 2840 intercederet
1036 2791 1146 2840 Senatus
1167 2802 1228 2838 con·

131 2869 351 2921 rebeneuticsirne
384 2866 536 2933 appetebat,
563 2883 656 2933 nempe
694 2868 831 2917 culturare
842 2865 1134 2929 ludificabaturpatres:
1152 2866 1227 2930 quip-

129 2945 240 2998 iaradere
274 2945 491 3007 dominationem,
526 2959 654 3010 occupare
694 2957 738 3007 pe,
755 2942 879 3006 legiones,
900 2956 978 3005 mma,
998 2940 1132 3005 excubias,
1151 2956 1226 3006 opes,

130 3021 247 3087 Rcmpnb.
284 3025 370 3074 Certe
389 3021 476 3085 patuit
490 3020 654 3072 intercedere
693 3019 777 3084 ipsam
798 3018 971 3068 'l'ribunieiatu
987 3023 1153 3082 potestatem,
1180 3017 1226 3082 qni

129 3097 245 3150 bibam
269 3099 339 3164 jare
357 3098 397 3148 sni
415 3098 593 3162 Magistratus,
609 3112 655 3148 seu
693 3108 807 3146 summus
823 3092 917 3157 gradus
932 3093 966 3144 ad
980 3092 1155 3157 principatum
1166 3092 1227 3156 fnit,

128 3187 250 3238 opponere
269 3189 300 3226 se
323 3172 445 3224 relationi
464 3173 607 3235 consulum,
627 3179 655 3223 et
695 3171 916 3236 deniqnanmuem
936 3170 988 3220 vira
1005 3170 1112 3235 Imperii
1129 3170 1227 3222 retine·

129 3249 243 3313 inpedire
253 3265 288 3300 ne
299 3249 368 3315 quid
379 3248 563 3300 decerneretur
571 3248 599 3297 in
609 3249 655 3298 Se·
695 3247 750 3309 bar,
757 3248 817 3297 dum
827 3246 862 3297 de
870 3247 972 3297 nomiae
984 3254 1012 3297 et
1020 3247 1055 3295 de
1065 3245 1227 3302 modocavii·

127 3333 196 3376 asu:
208 3333 306 3390 pentes
315 3327 385 3374 bunc
395 3326 483 3376 lacurn
492 3330 566 3389 petet
576 3324 655 3374 etiarn
694 3324 793 3373 latetur
803 3321 829 3371 in
839 3324 945 3373 Senatu

127 3413 158 3452 ss
170 3401 189 3452 l.
206 3415 267 3453 nv.
285 3406 335 3454 48.
352 3402 433 3452 ‘'l'um
450 3402 563 3465 primurn
581 3414 656 3450 rern-
726 3396 739 3431 ¹
757 3397 1019 3462 Cosstsfflntnimr]
1038 3396 1225 3462 Intempestive

127 3485 182 3526 eata
195 3492 227 3527 ea
243 3479 289 3528 lea
307 3476 417 3541 (nempe
428 3474 587 3541 Maiestatis)
601 3490 656 3527 ere·
694 3473 751 3524 fere
762 3474 937 3539 deprecantur
947 3472 1043 3523 subditi
1052 3474 1117 3524 tales
1127 3474 1225 3538 culpas.

126 3550 237 3615 dabam,
251 3569 315 3620 qun
335 3552 403 3608 baud
422 3553 531 3616 perinde
544 3552 653 3604 esitium
694 3550 747 3603 Qui
759 3551 830 3600 locas
846 3550 1033 3616 comparandus
1043 3565 1103 3601 cnm
1113 3551 1164 3600 alin
1180 3549 1225 3601 lib.

126 3627 234 3681 Aat‘ntia
257 3644 340 3696 quarn
365 3628 522 3694 Imperatori
546 3630 653 3694 planata
694 3639 756 3679 xm.
775 3631 817 3677 25.
845 3627 890 3677 nbi
908 3627 942 3677 de
963 3633 1090 3677 nocturna
1118 3625 1226 3676 lascivia

126 3707 247 3769 emisit,
265 3713 299 3757 ut
316 3704 503 3756 condemnatus
524 3705 654 3755 asenam
693 3705 822 3756 Neronisr
844 3705 949 3756 ‘lulius
967 3702 1072 3769 quidam
1084 3702 1224 3752 Montanus

126 3782 309 3835 interemiose
328 3781 478 3832 Tribunicia
497 3782 573 3832 morti
599 3782 653 3831 erti-
693 3782 822 3832 denatnrii
845 3781 960 3844 Ordinis,
983 3776 1093 3845 sed'qui
1111 3776 1224 3829 nondm

124 3861 249 3912 metm?
291 3859 398 3923 Nempe
409 3857 532 3923 Principe
542 3859 654 3909 interce-
693 3852 1225 3924 boueremcapessisset‚coagressusforte

125 3934 198 3987 duta
208 3938 327 3988 Senatus
337 3934 454 3986 cannito
466 3949 514 3999 pro
528 3935 589 3999 jure
599 3935 654 3984 'l'ri-
694 3951 741 4002 per
752 3937 872 3987 tenebras
882 3950 942 3986 cunr
957 3933 1085 3999 principe,
1100 3932 1161 3996 quis
1171 3929 1225 3979 rins

124 4010 229 4063 Mateta
249 4027 308 4061 snae
329 4010 475 4074 potestatis.
507 4011 541 4062 Et
557 4012 575 4061 l.
593 4023 653 4062 avr.
692 4018 840 4063 tenuntenr
855 4012 952 4061 acriter
970 4010 1112 4074 repulerat,
1129 4006 1224 4060 deinde

123 4086 212 4136 nabi
228 4087 265 4137 de
275 4086 403 4136 Tbsasen
417 4091 517 4136 inerte:
534 4086 654 4138 ‘Aderat
693 4088 808 4153 agnitrrrn
818 4081 1225 4152 orarentquaslesprnbrseset,

122 4164 225 4216 censitio
247 4157 522 4217 massulanos
541 4160 654 4228 flagrans
693 4164 759 4214 morl
768 4163 875 4214 adactus
886 4161 944 4214 est!
