2967 4867
147 364 290 428 anan]
510 356 715 410 annuerunt
740 360 813 409 nra.
838 362 897 410 ιιι.
1188 346 1256 413 nlo

152 503 262 567 Dario
283 501 379 583 Rege
402 501 461 565 niti
471 508 494 565 :²
518 501 576 565 sed
596 502 705 566 cultus
724 501 910 568 Nominum
924 506 1082 589 utrinqne,
1114 505 1252 570 Dianam

150 610 211 668 ant
224 603 427 687 Apollinemq
450 604 637 667 venerandi.
683 603 814 667 Petere³
834 613 868 668 et
883 604 1055 670 Cretenses
1077 607 1254 671 simulacro

129 778 132 779 ⁷
151 707 197 771 D.
214 704 384 788 Augusti!
427 695 601 788 Factaque
616 705 758 770 Senatus
774 708 934 785 consulta,
950 709 1037 793 quis,
1056 711 1159 774 multo
1174 729 1252 773 cum

148 809 295 883 honore,r
317 806 436 870 modus
462 811 571 868 tamen
594 807 898 889 praescribebatur,⁸
913 809 1068 892 jussique
1092 810 1203 893 ‘ipsis
1218 811 1251 873 in

148 908 284 992 templis
309 908 406 989 figere
426 913 522 983 aera,4
543 906 742 970 sacrandam
756 905 800 970 ad
825 909 1037 986 memoriam}
1060 927 1123 972 nen
1136 913 1251 992 specie

146 1010 316 1092 religionis
331 1011 364 1072 in
379 1009 606 1072 ambitionem¹²
619 1008 870 1073 delaberentur.’

145 1197 232 1248 Dario
241 1198 357 1259 principe
369 1211 397 1248 se
409 1198 491 1247 tueri:
509 1196 555 1246 sed
570 1198 660 1261 religio
672 1195 788 1248 Deorum
801 1199 916 1265 utrisque
928 1199 1037 1250 Dianam
1050 1200 1091 1250 rel
1101 1200 1249 1265 Apollinem

145 1261 260 1311 colendi.
300 1263 470 1311 Postularere
488 1261 566 1312 etiarn
587 1264 724 1312 Cretenses
742 1263 931 1313 immunitatem
949 1265 1051 1327 imagini
1073 1265 1109 1314 D.
1126 1264 1248 1328 Augusti.

145 1325 269 1389 Factaque
278 1331 334 1374 suut
346 1328 445 1375 Patruru
455 1328 558 1387 decreta,
569 1326 653 1389 quidun
663 1327 767 1376 maxum
775 1343 828 1376 cum
837 1329 993 1389 reueratbue,
1007 1332 1089 1378 arodus
1099 1334 1177 1380 taenea
1185 1347 1248 1394 pra·

143 1389 285 1452 capim,
309 1391 504 1465 imperatumque,
521 1396 549 1438 ut
567 1391 631 1454 ipsis
646 1392 672 1439 in
691 1390 806 1440 delubris
827 1407 911 1441 eneas
929 1393 1030 1441 tabulas
1048 1392 1193 1457 affigerent,
1214 1395 1248 1444 ad

144 1455 295 1568 ιᾶιοιῗιᾶιιίιιιιι
306 1455 411 1518 brrJusee
423 1454 611 1518 reidieundam,
623 1464 650 1505 et
661 1470 694 1504 ne
709 1456 819 1505 obtento
826 1457 1030 1507 cerimoniarum
1040 1457 1067 1506 in
1078 1457 1247 1509 ambitionem

164 1533 195 1567 oe
225 1526 309 1569 erent.
346 1543 348 1546 >

607 1644 786 1667 anemone

175 1741 192 1786 2
208 1737 252 1787 Sic
263 1737 360 1799 optime
371 1735 486 1785 Picbene
501 1741 529 1786 et
546 1737 710 1788 recentiores.
743 1738 884 1788 Beroaldus
903 1738 999 1802 aliique
1018 1744 1129 1801 ueteres,
1143 1741 1188 1800 ati,
1198 1754 1246 1802 pro

143 1801 202 1851 uiti.
227 1800 358 1851 Idem—t
384 1799 427 1849 lta
445 1807 547 1849 veteres
568 1800 694 1850 editiones
713 1808 741 1851 et
758 1804 924 1852 recentiores.
967 1802 1070 1864 Lipsius
1098 1803 1246 1866 etquidem

143 1865 199 1929 ulii,
211 1865 358 1930 petiere—d
375 1864 406 1913 In
427 1865 479 1914 Mn.
491 1865 558 1913 Flor.
567 1864 631 1931 fiere
649 1881 707 1916 oera.
744 1867 851 1931 Optime
868 1864 1015 1916 emendarit
1026 1865 1152 1926 Plebena,
1168 1881 1244 1929 quem

645 2025 751 2077 NOTAE

139 2144 295 2206 rooniornrn,
322 2152 366 2195 aot
394 2146 472 2196 etism
495 2145 672 2209 judicatorum
713 2146 1096 2209 venerabantur,eognornento
1109 2143 1244 2210 Didymae·

139 2220 261 2271 obtinent
281 2223 377 2271 locum,
415 2222 469 2272 Sed
489 2223 546 2272 lraee
568 2235 671 2285 quoqne
712 2236 764 2272 um.
776 2236 800 2271 c.
813 2227 853 2271 ²1.
870 2222 973 2284 laipaiaa

139 2305 186 2344 ant
196 2296 333 2344 vetustatis
348 2294 400 2345 fide
411 2303 469 2346 tata
488 2304 557 2355 suunt,
576 2303 621 2345 ant
637 2296 671 2345 ab
743 2301 753 2329 ¹
771 2297 831 2346 Cam
841 2296 936 2360 namra]
963 2296 1023 2347 Non
1036 2303 1088 2346 tenu
1100 2312 1164 2361 erga
1180 2298 1243 2349 eiri-

137 2371 672 2436 horninibusrnugnis,praceptornmloeo,
710 2376 789 2435 tates,
808 2387 884 2437 qnam
904 2387 967 2436 erga
986 2375 1058 2423 Deos
1075 2381 1243 2424 vetustatem·

137 2446 374 2499 fietaoreduntnr.'
406 2450 470 2499 ΕΗ.
483 2463 509 2499 v.
526 2451 670 2501 ‘tantaen-
710 2462 761 2513 qne
770 2449 982 2498 cerimoniarum.
1012 2450 1125 2499 Deorum
1139 2450 1242 2513 templis

137 2524 228 2573 tentiis
238 2524 341 2589 quidem
353 2524 496 2589 podtarnm,
507 2540 557 2576 non
574 2528 669 2576 oratio·
709 2523 877 2572 sanctitatem
897 2530 926 2572 et
942 2523 1132 2571 immunitatem
1149 2537 1242 2572 conca·

137 2614 185 2649 nes
196 2602 273 2650 modo
283 2608 343 2650 sunt
355 2600 470 2663 refertae,
490 2603 536 2653 sed
552 2602 611 2651 libri
623 2604 670 2653 eti·
708 2596 788 2646 debat
806 2604 921 2658 mim,
940 2611 1036 2660 mque
1053 2598 1091 2646 ⁸5⁰
1102 2596 1241 2646 memb&

136 2690 179 2724 am
191 2675 407 2740 philosophorum,
424 2677 468 2741 qni
479 2678 669 2742 quenqnsmin·
710 2679 762 2732 tur,
779 2670 830 2736 sed,
846 2670 963 2721 adhibito
982 2672 1068 2734 ruodo,
1084 2687 1118 2723 ue
1142 2672 1169 2721 in
1187 2687 1240 2723 sm-

135 2751 233 2800 seriora
242 2751 328 2801 omniu
339 2753 478 2816 praeceptis
485 2752 536 2803 suis
545 2768 575 2802 ac
584 2753 667 2803 literis
706 2748 842 2811 bitiouern,
861 2749 1081 2813 superstitionem,
1100 2750 1241 2799 autetiam

136 2828 255 2886 credent,
278 2836 398 2891 repetere
421 2836 506 2877 tamen
528 2828 668 2897 anctorita-
708 2824 734 2873 in
754 2825 871 2886 erimina,
894 2825 992 2889 pietate
1014 2825 1130 2875 homines
1149 2824 1240 2877 abute-

135 2911 189 2953 tem
201 2918 216 2952 a
228 2903 343 2967 plurimis
357 2903 471 2952 versibus
483 2918 533 2952 non
551 2903 667 2954 fastidie-
706 2909 806 2951 rentur.

134 2986 205 3028 runt.
239 2979 332 3043 Neque
343 2984 385 3028 est
396 2979 508 3044 ignobile
520 2982 667 3044 exemplum
737 2978 943 3026 'Modestum
951 2976 1160 3039 praeconentur]
1185 2977 1240 3027 Sci·

133 3055 273 3118 Megareus
284 3054 318 3103 ab
329 3052 542 3117 Atheniensibus,
562 3069 621 3105 oum
632 3056 664 3107 de
705 3051 778 3113 licet,
789 3051 879 3101 utendi
890 3051 988 3115 Asyiis,
999 3065 1075 3117 quern
1087 3052 1177 3115 egredi
1187 3066 1238 3102 non

133 3131 263 3180 Salamine
289 3131 485 3193 contenderent,
505 3132 588 3182 victos
609 3132 665 3183 Ho·
705 3127 807 3177 liceret·
826 3128 938 3176 Plebena·

135 3206 307 3266 meriuersu3
324 3207 467 3270 quitarnen
483 3208 550 3271 ipse,
567 3222 619 3257 non
637 3210 664 3258 in
737 3203 825 3252 Madv
850 3202 941 3266 tamea]
984 3203 1093 3253 Sueten·
1119 3204 1178 3253 'llb-
1197 3207 1239 3253 bl·

133 3283 204 3332 omni
222 3282 335 3331 editione
354 3283 494 3345 reperitur,
516 3281 665 3348 significans
705 3276 849 3329 ‘Abolerit
869 3287 897 3328 et
912 3280 956 3342 jus
983 3295 1131 3346 moremque
1153 3282 1237 3346 asylo·

134 3358 251 3422 Ajacem,
276 3371 353 3407 naves
379 3372 438 3408 snas
464 3357 664 3410 Atheniensibus
705 3369 771 3416 rum,
788 3369 846 3418 quae
858 3354 1067 3419 annumerant!
1100 3357 1169 3406 Mira
1186 3357 1237 3408 dis·

127 3435 262 3503 junxisse!
294 3434 370 3484 Unde
391 3443 417 3484 er
434 3436 564 3500 intelliges
585 3437 664 3487 etim
704 3432 791 3481 sensio
801 3431 870 3480 inter
880 3438 1009 3481 auctores.
1044 3432 1098 3483 Ubi
1118 3434 1150 3485 de
1166 3435 1237 3499 lusu,

131 3512 338 3577 quatiebantur
357 3510 425 3561 intre
444 3513 570 3563 l.1v.ee.
611 3513 663 3564 Ubi
704 3506 834 3558 referente
844 3509 977 3572 Suetonio,
999 3510 1067 3561 bone
1082 3513 1237 3576 compressit

131 3588 187 3637 ‘de
200 3588 261 3651 jure
272 3589 361 3651 templi
379 3589 472 3639 nranae
491 3589 663 3653 Limenitidis,
702 3584 829 3647 liberius,
837 3586 989 3650 senatuique
997 3586 1063 3637 bane
1070 3601 1156 3637 coram
1164 3601 1236 3637 man·

130 3662 201 3728 quad
213 3664 265 3712 aula
275 3678 291 3715 a
301 3664 449 3728 majoribus,
464 3680 561 3730 suaque
572 3666 599 3715 in
611 3673 662 3716 ter·
702 3661 792 3710 davit:
810 3661 879 3725 qnod
901 3661 1001 3711 diserte
1024 3670 1102 3724 negat
1121 3661 1234 3713 Tacitus.

130 3754 162 3789 ra
181 3738 295 3790 dicatum
313 3740 503 3790 Lacedaemonii
522 3740 663 3792 firmabunt
702 3736 739 3786 At
752 3737 796 3786 nbi
807 3737 840 3785 de
849 3738 935 3802 asylis,
952 3737 1053 3787 modurn
1069 3737 1106 3786 eis
1118 3736 1235 3787 adhibuit

130 3815 259 3866 annalium
274 3817 557 3881 mentoria,uatnnrqne
571 3818 661 3869 currui-
702 3814 800 3875 Cesar,
820 3822 888 3863 teste
904 3815 966 3863 Tae.
985 3820 1056 3861 etex
1071 3812 1237 3863 Suetonioea
1324 3869 1329 3877 ‚
1371 3836 1377 3845 ·

128 3892 224 3953 nibus,’
234 3895 284 3941 dac.
701 3889 805 3952 penitus
815 3896 844 3938 et
853 3887 948 3952 ubique
961 3888 1093 3937 aboleuit:
1114 3887 1176 3951 quid
1187 3888 1234 3939 rui·

161 3976 174 4011 t
191 3968 299 4017 Diouem
314 3973 357 4017 aut
375 3968 518 4032 Apollineus]
541 3968 662 4018 Sardiani
702 3965 775 4014 rami
792 3963 944 4013 dissentiunt
959 3977 1053 4023 rumor,
1064 3961 1142 4023 tunsa,
1152 3962 1234 4027 serip-

127 4028 241 4095 Dlanaui
259 4050 430 4107 cognomento
451 4043 597 4104 Colodnenr,
615 4058 660 4092 cu·
700 4046 779 4102 tores,
796 4039 834 4088 sic
853 4036 911 4087 tare
930 4044 1027 4089 cuneta
1037 4039 1183 4089 mortalium
1195 4040 1233 4090 in·

123 4119 169 4185 jus
187 4120 321 4182 ternplum,
340 4120 478 4181 ‘magnam
495 4120 660 4169 seueritatem
700 4123 782 4166 certa.

125 4193 225 4259 nabeo*
234 4195 272 4245 ait
280 4194 391 4246 Strabo:
403 4193 503 4245 Milesii
512 4192 659 4259 Apollinem
732 4193 821 4243 Martae
830 4190 920 4256 naeu]
932 4192 1034 4258 Nempe
1046 4191 1109 4260 quia
1117 4206 1170 4245 aon
1180 4206 1233 4244 our·
